3185 5219
419 1487 463 1528 p.
480 1475 568 1519 814.

618 358 969 416 ochxvm

617 518 718 571 bus
740 532 940 570 morem
961 515 1051 569 ille
1073 529 1259 585 gerens
1282 515 1535 586 principio
1559 513 1893 569 sirmiensem
1918 510 2099 568 ἔκθεσιν
2122 513 2379 583 proponit,
2401 512 2623 567 eandem
2640 511 2800 583 plane
2822 528 2943 567 eum

618 618 706 666 ea,
740 618 897 673 qnam
931 601 1170 654 Socrates
1204 606 1257 653 et
1278 599 1592 654 Athanasius
1626 599 1881 663 referunt,
1916 600 2065 652 cuius
2100 605 2307 652 autores
2333 597 2514 652 Osium
2548 614 2609 651 ιο
2642 596 2941 652 Potamium

617 688 759 741 iacit.
814 687 1037 741 Subiicit
1057 686 1240 739 deinde
1265 685 1607 739 Orientalium
1630 686 1917 749 decretum,
1953 684 2092 754 quod
2124 683 2371 738 adversus
2404 684 2561 738 istam
2580 683 2867 737 formulam
2885 683 2941 737 in

619 774 893 842 Ancyrano
916 773 1134 825 concilio
1159 777 1410 825 statutum
1434 778 1538 835 est,
1561 770 1717 841 idque
1740 787 1859 824 cum
1880 769 2097 823 mirifice
2120 768 2406 840 praedicat,
2426 774 2543 824 tum
2563 769 2807 839 singulas
2830 769 2945 823 eius

618 858 900 911 sententias
911 864 962 909 et
973 855 1432 910 anathematismos
1444 857 1703 910 uberrime
1716 855 1960 909 declarat.
1981 854 2251 910 Postremo
2262 855 2491 925 reliquas
2509 855 2575 908 ab
2590 853 2943 909 Orientalibus

619 942 782 996 editas
796 942 1160 1013 professiones,
1180 958 1312 1012 quae
1324 958 1443 996 cum
1455 941 1712 996 catholica
1722 941 1824 995 fide
1842 947 2219 995 consentaneae
2234 947 2376 1004 sunt,
2394 941 2623 1011 exponit.
2646 938 2852 1004 Quibus
2866 940 2947 993 ita

617 1028 902 1098 praefatur:
929 1029 1150 1096 Diqmem
1175 1037 1339 1081 autem
1357 1037 1432 1079 est
1454 1032 1764 1080 conscientia
1783 1032 2027 1080 communi
2042 1030 2195 1080 etiam
2214 1037 2448 1080 caeteras
2462 1028 2735 1079 eor-andes·
2750 1030 2947 1096 episce-

608 1115 1129 1184 porumodentalium
1155 1116 1441 1166 diversis
1463 1123 1522 1165 et
1542 1115 1710 1165 locis
1731 1122 1793 1164 et
1812 1114 2210 1182 temporibus
2233 1112 2703 1181 conscriptasfides
2718 1128 2941 1175 nomm,

616 1208 674 1250 ut
683 1217 783 1269 per
796 1201 975 1268 plures
998 1203 1332 1268 consessiones
1362 1202 1639 1251 sinceritas
1673 1201 2011 1251 conscientiae
2042 1202 2203 1268 possit
2234 1198 2468 1265 intelliqi.
2534 1196 2730 1250 Subdit
2757 1203 2951 1268 postet

618 1284 940 1338 Sardicensis
963 1283 1300 1338 Orientalium
1333 1283 1520 1353 synodi
1551 1283 1848 1338 formulam.
1904 1284 2040 1337 Tum
2073 1283 2376 1353 itspergit:
2425 1281 2737 1352 Consequens
2778 1292 2944 1336 mre:-

618 1379 714 1434 ese,
736 1378 795 1422 ut
814 1387 926 1423 eam
950 1389 1080 1423 nnuc
1091 1372 1248 1438 fides·
1270 1378 1627 1432 retractemus,
1660 1387 1790 1438 quae
1813 1387 1909 1422 non
1930 1371 2048 1422 olim
2070 1380 2212 1433 mec,
2246 1385 2357 1421 cus·
2381 1367 2627 1422 Planum
2646 1371 2946 1437 episcopatu

620 1458 843 1508 deiectus
882 1464 980 1519 est,
1033 1459 1324 1524 consen'pta
1369 1463 1456 1507 est.
1523 1455 1655 1509 Mox
1690 1455 1989 1509 Sirmiensis
2031 1455 2237 1508 concilii
2268 1453 2647 1524 professionem
2681 1452 2944 1506 describit.

619 1540 782 1593 Satin’
799 1547 973 1610 aperte
990 1541 1230 1593 Latinam
1253 1540 1396 1593 illam
1419 1541 1865 1610 posterioremque
1878 1539 2158 1594 formulam
2181 1539 2247 1593 ab
2268 1538 2409 1604 Osio‚
2432 1545 2493 1592 nt
2514 1538 2710 1602 scribit,
2732 1537 2945 1603 editam,

621 1643 653 1678 a
670 1625 941 1679 Sirmiensi
964 1626 1182 1678 concilio
1207 1632 1429 1695 separat,
1454 1626 1590 1696 quod
1615 1625 1869 1678 diverso
1893 1631 2180 1695 tempore
2202 1625 2519 1678 celebratum
2541 1623 2807 1678 affirmat?
2841 1622 2945 1676 Sed

621 1715 812 1763 etcum
835 1712 910 1763 ita
930 1712 1176 1780 loquitur,
1201 1722 1341 1764 tunc
1367 1729 1476 1762 eum
1499 1711 1745 1763 Photinus
1768 1715 2061 1780 episcopatu
2085 1711 2307 1762 deiectus
2328 1719 2423 1773 eet,
2457 1710 2687 1778 itemque
2709 1725 2834 1762 cum
2855 1724 2946 1761 ex·

619 1797 929 1866 positionem
947 1795 1069 1848 fidei
1087 1803 1266 1849 contra
1283 1795 1557 1849 Photinum
1582 1797 1830 1866 scriptam
1853 1796 2141 1865 explicans,
2162 1794 2244 1848 his
2266 1795 2438 1848 verbis
2462 1794 2681 1848 orditur:
2707 1794 2947 1847 Necessi-

622 1892 705 1934 tas
726 1891 775 1934 et
794 1891 983 1951 tempus
1005 1883 1264 1934 admonuit
1285 1900 1366 1934 eos
1388 1886 1475 1951 qui
1507 1892 1566 1933 tu
1579 1901 1626 1932 m
1658 1889 1997 1933 convenerant
2008 1899 2109 1950 per
2128 1882 2429 1950 multiplices
2451 1883 2769 1948 quaestiones
2790 1881 2947 1932 latius

622 1985 687 2018 ac
712 1968 945 2036 diffusius
968 1971 1318 2036 expositionem
1330 1970 1462 2036 fidei
1482 1970 1726 2019 ordinare
1750 1975 1861 2030 etc„
1892 1982 2000 2019 non
2023 1966 2240 2020 obscure
2263 1965 2403 2019 aliud
2432 1965 2574 2018 iuius
2596 1971 2808 2036 tempus
2832 1981 2949 2018 esse

620 2050 896 2120 significat.
964 2052 1074 2104 Hoc
1109 2052 1249 2106 enim
1282 2057 1476 2105 attente
1498 2051 1814 2105 considerari
1835 2052 2103 2116 volumus,
2139 2050 2278 2120 quod
2299 2066 2419 2104 cum
2441 2050 2685 2121 deinceps
2710 2060 2948 2104 caeteras

622 2139 884 2190 eorundem
908 2139 1228 2190 orientalium
1251 2142 1597 2207 episcoporum
1621 2140 1837 2190 diversis
1860 2147 1907 2189 et
1928 2139 2054 2190 locis
2077 2147 2125 2190 et
2147 2137 2446 2207 temporibus
2479 2138 2947 2207 conscriptasfides

622 2222 981 2292 expositurum
1014 2238 1072 2276 se
1105 2239 1220 2276 esse
1254 2222 1644 2287 denunciasset,
1679 2223 1878 2276 nullam
1909 2227 2114 2292 praeter
2137 2221 2496 2275 Sardicensem
2530 2227 2587 2275 et
2604 2221 2947 2275 Sirmiensem

622 2313 803 2360 contra
819 2306 1098 2361 Photinum
1114 2308 1304 2361 editam
1321 2309 1613 2361 subiecerit.
1646 2307 1727 2360 Ex
1748 2324 1850 2377 quo
1870 2307 2163 2360 necessario
2187 2308 2435 2376 sequitur,
2457 2324 2565 2360 non
2588 2307 2767 2361 minus
2790 2309 2947 2362 istam

622 2409 780 2463 quam
797 2392 1173 2458 Sardicensem‚
1196 2395 1243 2446 si
1265 2411 1369 2447 non
1391 2394 1521 2447 locis
1546 2394 1612 2447 ab
1637 2392 1833 2446 Osiena
1854 2398 1907 2446 et
1926 2392 2115 2445 Latina
2136 2393 2417 2462 posteriore
2441 2392 2675 2459 diversis,
2696 2394 2947 2465 tempori-

621 2477 720 2531 bus
744 2483 880 2530 certe
912 2496 1020 2532 non
1053 2479 1238 2532 iisdem
1273 2496 1387 2532 esse
1421 2480 1782 2550 conscriptam.
1854 2478 2119 2532 Postremo
2144 2477 2397 2548 Sulpitius
2419 2477 2643 2532 Severus
2666 2478 2761 2533 lib.
2776 2498 2838 2534 n.
2860 2480 2948 2533 Hi-

622 2563 810 2617 storiae
835 2563 1024 2618 Sacrae
1055 2564 1252 2636 liquida
1281 2570 1561 2635 apertaque
1591 2564 1887 2619 narratione
1910 2564 2075 2618 multo
2098 2562 2151 2617 id
2173 2562 2396 2618 validius
2419 2562 2706 2619 confirmat.
2756 2563 2951 2619 Scribit

623 2650 762 2702 enim
782 2655 906 2720 post
927 2650 1284 2704 Sardicensem
1309 2651 1565 2720 synodum
1590 2657 1643 2703 et
1666 2651 1865 2704 Ursacii
1894 2666 1955 2704 ac
1980 2650 2212 2704 Valentis
2241 2650 2641 2720 poenitentiam,
2676 2649 2947 2704 interiecto

624 2733 806 2788 deinde
829 2726 1085 2805 tempore,
1118 2752 1238 2789 cum
1261 2735 1572 2790 Athanasius
1596 2738 1926 2801 Marcellum,
1958 2736 2048 2805 qui
2074 2736 2129 2789 in
2153 2735 2450 2789 Sardicensi
2470 2735 2693 2789 concilio
2712 2751 2751 2787 a
2772 2735 2951 2790 catho-

621 2820 734 2874 licis
769 2826 881 2873 erat
913 2821 1207 2887 absolutus,
1242 2837 1428 2892 parum
1458 2838 1616 2875 sanae
1639 2822 1761 2876 fidei
1784 2827 2105 2892 compertum
2129 2836 2162 2873 a
2184 2821 2549 2874 communione
2572 2820 2948 2891 suspendisset,

621 2906 842 2960 Arianos
864 2922 928 2960 ea
948 2908 1215 2961 occasione
1237 2908 1455 2960 libenter
1479 2924 1629 2971 uses,
1662 2924 1765 2977 qno
1789 2906 2111 2961 Sardicensis
2134 2905 2324 2975 synodi
2347 2905 2551 2959 decreta
2570 2906 2950 2961 subverterent.

621 2991 786 3061 Igitur
820 2997 991 3046 astuto
1035 2993 1254 3046 consilio
1289 2991 1518 3057 Photini,
1561 2993 1793 3046 Marcelli
1834 3002 1889 3046 et
1922 2990 2190 3045 Athanasii
2226 2990 2614 3045 damnationem
2653 2994 2948 3047 miscuisse.

626 3077 758 3130 Cum
780 3078 920 3131 enim
941 3079 1210 3147 propalam
1233 3078 1412 3131 Ariani
1436 3079 1621 3131 erroris
1645 3079 1727 3131 sui
1750 3078 1997 3146 dogmata
2027 3076 2320 3147 praedicare
2353 3094 2458 3131 non
2489 3077 2741 3131 auderent
2773 3093 2839 3132 ιο
2862 3092 2946 3131 οι·

624 3160 843 3215 tholieos
867 3178 925 3215 se
949 3170 1203 3231 gererent,
1225 3161 1355 3216 nihil
1377 3164 1520 3233 prius
1543 3164 1645 3215 sibi
1667 3163 1926 3232 agendum
1950 3168 2089 3216 ratos
2112 3177 2226 3214 esse
2251 3177 2408 3230 quam
2432 3167 2493 3215 ut
2510 3161 2861 3217 Athanasium
2880 3164 2947 3216 ab

626 3246 845 3299 ecclesia
865 3247 1246 3300 submoverent,
1309 3247 1411 3299 Sed
1436 3263 1556 3300 cum
1577 3248 1756 3301 literas
1779 3248 1842 3301 de
1864 3249 1956 3301 illa
1977 3246 2208 3311 Photini,
2232 3248 2466 3301 Marcelli
2488 3254 2543 3300 et
2566 3246 2839 3302 Athanasii
2860 3247 2948 3301 da·

625 3331 890 3384 mnatione
914 3331 1200 3397 dedissent,
1232 3333 1481 3384 restitisse
1505 3331 1789 3386 catholicos
1813 3333 2018 3398 scribit,
2054 3337 2210 3402 atque
2244 3333 2381 3386 inter
2415 3338 2645 3387 caeteros
2668 3332 2948 3388 Paulinum

627 3416 996 3469 Treverensem
1025 3418 1101 3469 ita
1133 3417 1528 3487 subscripsisse,
1560 3435 1618 3470 se
1651 3420 1706 3471 in
1728 3416 1935 3471 Photini
1955 3423 2111 3488 atque
2134 3419 2367 3472 Marcelli
2389 3418 2782 3472 damnationem
2804 3434 2947 3490 prae·

627 3501 749 3554 bere
771 3516 1108 3566 consensum,
1143 3502 1206 3555 de
1231 3501 1512 3555 Athanasio
1547 3520 1654 3556 non
1687 3504 1924 3572 probare.
1995 3503 2163 3568 Quare
2199 3520 2316 3556 cum
2341 3504 2549 3557 illorum
2571 3503 2634 3556 de
2657 3503 2945 3558 Athanasio

628 3586 886 3639 sententia
905 3587 1271 3658 repudiaretur,
1303 3588 1533 3658 plerique
1559 3605 1590 3641 a
1615 3588 1917 3643 Constantio
1940 3589 2181 3659 relegati,
2214 3604 2277 3641 ac
2308 3595 2419 3642 tum
2441 3589 2761 3643 Arelatensis
2787 3594 2843 3642 et
2862 3589 2947 3643 Bi·

626 3672 870 3725 terrensis
899 3672 1085 3742 synodi
1118 3674 1456 3738 celebrantur,
1489 3674 1610 3727 inde
1633 3675 2062 3738 Mediolanensis;
2095 3674 2151 3726 in
2187 3688 2291 3743 qua
2320 3674 2556 3745 insignes
2591 3674 2810 3744 quidam
2844 3675 2948 3746 epi·

627 3759 774 3828 scopi
794 3757 850 3809 in
872 3758 1088 3810 exilium
1110 3759 1272 3828 pulsi,
1297 3758 1579 3828 Dionysius
1603 3760 2033 3825 Mediolanensis‚
2064 3758 2320 3812 Eusebius
2338 3759 2709 3824 Vercellensis,
2740 3760 2948 3814 Lucifer

517 3848 522 3853 '
629 3840 968 3907 Galaritauus,
992 3842 1225 3898 Liberius
1249 3860 1454 3914 quoque
1478 3853 1529 3897 et
1545 3846 1785 3900 Hilarius.
1825 3845 1967 3910 Quae
1991 3846 2167 3898 omnia
2183 3844 2461 3898 Arbetione
2484 3851 2536 3897 et
2551 3844 2791 3901 Lolliano
2815 3861 2948 3900 coss.

627 3926 765 3980 facta
786 3944 901 3981 esse
923 3928 1116 3982 scribit.
1161 3929 1301 3982 Haec
1325 3931 1626 3983 summatim
1650 3930 1918 4000 Sulpitius.
1976 3929 2174 3994 Quibus
2197 3930 2432 3999 superior
2453 3930 2540 3982 ille
2564 3931 2781 4000 agnitus
2804 3946 2839 3983 a
2859 3947 2949 3984 no·

630 4012 709 4065 bis
733 4018 785 4065 et
805 4013 1093 4083 patefactus
1129 4030 1268 4067 error
1301 4015 1639 4069 convincitur.
1686 4015 1843 4069 Vides
1879 4016 2017 4068 enim
2051 4020 2172 4085 post
2205 4014 2567 4069 Sardicensem
2600 4016 2867 4084 synodum
2897 4021 2949 4068 et

627 4104 860 4168 receptos
881 4098 936 4151 in
960 4099 1377 4152 communionem
1403 4098 1671 4153 Ursacium
1704 4116 1764 4153 ac
1787 4101 2083 4164 Valentem,
2114 4100 2379 4169 aliquanto
2405 4107 2638 4171 tempore
2660 4101 2948 4164 interiecto,

629 4182 962 4237 Sirmiensem
980 4184 1226 4236 adversus
1243 4183 1520 4237 Photinum
1537 4185 1848 4238 celebratam
1871 4184 2144 4254 synodum,
2168 4192 2289 4238 ante
2309 4186 2665 4239 Arelatensem
2682 4191 2739 4239 et
2752 4186 2949 4240 Medio·

627 4268 922 4333 lauensem,
951 4285 1048 4322 nec
1072 4285 1177 4322 non
1200 4274 1481 4338 antequam
1502 4270 1740 4323 Liberius
1764 4286 1921 4340 papa,
1956 4270 2232 4335 Eusebius,
2264 4272 2456 4341 aliique
2487 4271 2946 4341 proscriberentur.

629 4353 788 4422 Atqui
809 4353 1208 4408 conciliabulum
1229 4355 1553 4419 Arelatense,
1587 4355 1727 4424 quod
1752 4371 1785 4407 a
1807 4354 2087 4408 Saturnino
2112 4356 2427 4409 celebratum
2450 4362 2561 4421 est,
2596 4372 2736 4410 anno
2762 4355 2949 4410 Christi

633 4453 848 4492 eccam.
882 4440 1126 4509 contigit,
1157 4455 1278 4492 cum
1302 4438 1491 4493 Sirmio
1523 4440 1580 4492 in
1606 4438 1799 4493 Gallias
1823 4440 2083 4509 profectus
2112 4448 2250 4494 esset
2274 4440 2637 4508 Constantius,
2673 4448 2734 4495 ut
2767 4444 2825 4496 in
2847 4443 2949 4495 An-

631 4521 834 4574 nalibus
850 4525 1055 4593 legitur,
1077 4524 1464 4578 Mediolanense
1481 4540 1603 4578 vero
1622 4540 1757 4577 anno
1777 4540 1964 4578 ccccv.
1989 4526 2267 4579 Arbetione
2285 4533 2339 4579 et
2353 4526 2589 4581 Lolliano
2607 4543 2748 4583 coes.
2782 4527 2947 4583 Tanto

630 4604 790 4673 igitur
812 4612 928 4661 ante
951 4613 1183 4679 tempore
1204 4609 1480 4664 damnatus
1500 4607 1753 4665 Photinus
1775 4624 1837 4664 ιο
1856 4609 2156 4666 Sirmiensis
2178 4617 2391 4682 peracta
2410 4611 2645 4683 synodus
2669 4618 2769 4680 est,
2791 4627 2951 4686 quam
