3185 5219
2510 366 2560 425 V

361 528 419 583 In
449 529 733 601 posteriori
764 528 897 584 serie
936 527 1101 583 Stoici
1134 532 1257 582 ante
1290 530 1524 582 caeteras
1557 524 1985 598 philosophorum
2019 529 2192 580 sectas
2225 524 2560 588 collocantur,

240 616 377 669 aliter
397 621 558 686 atque
580 617 637 669 in
659 616 821 687 priori
841 615 1058 680 fecerat,
1093 630 1226 684 quae
1261 613 1417 684 longe
1448 612 1545 666 hac
1578 613 1636 666 in
1657 617 1804 685 parte
1826 612 2144 665 tolerabilior
2167 617 2261 666 est.
2311 611 2443 664 Hinc
2465 615 2561 675 est,

241 702 368 772 quod
388 701 693 755 Stoicorum
715 706 861 755 secta
882 701 1016 770 τρίτη
1042 697 1139 751 ἀπὸ
1165 698 1499 769 Ἑλληνισμοῦ
1523 699 1594 751 sit
1613 699 1879 769 inscripta.
1914 697 2049 751 Nam
2067 699 2282 751 tertium
2303 697 2370 750 ab
2391 696 2561 750 Helle-

238 788 396 841 nismo
418 788 597 840 locum
620 786 783 840 habet
814 788 870 840 in
904 786 1061 850 serie,
1094 788 1156 839 ut
1176 784 1430 839 Platonici
1464 789 1736 855 quartum,
1772 789 1927 854 atque
1960 784 2036 836 ita
2070 783 2340 854 deinceps3
2373 798 2479 835 non
2504 784 2565 834 ut

238 875 286 927 in
306 874 643 944 inscriptione
664 872 852 927 Latina
873 877 978 927 est=
1003 875 1158 925 tertia
1181 870 1482 924 Hellenismi
1502 880 1674 934 aecim-
1697 885 1791 941 pro
1816 885 1918 941 quo
1943 869 2135 923 scribe:
2173 873 2326 923 tercia
2351 869 2415 922 ab
2438 867 2562 922 He}-

238 960 433 1013 Ienismo
453 968 616 1016 secta.

839 1113 930 1167 AD
954 1106 1197 1168 TOTIUS
1229 1110 1467 1167 OPERIS
1500 1109 1955 1169 PRAELUDIUM.

361 1232 425 1287 N.
449 1252 510 1288 ιι.
547 1228 713 1303 ἄφατα
735 1228 831 1303 γάρ
866 1229 967 1284 ἔστι
1002 1233 1082 1285 καὶ
1116 1229 1283 1303 para]
1335 1233 1599 1303 Expungo
1629 1232 1942 1303 posteriores
1974 1230 2132 1285 hasce
2155 1229 2393 1295 voculas,
2425 1243 2559 1299 quae
2609 1253 2654 1295 ι».
2676 1240 2716 1284 4.

238 1320 542 1375 sententiam
564 1318 857 1383 infuscant,
883 1317 964 1370 καὶ
988 1316 1132 1389 <parba
1168 1318 1317 1372 Dixit
1340 1319 1548 1390 quidem
1570 1317 1827 1373 Hesiodus
1850 1318 1998 1372 initio
2016 1312 2236 1388 Ἔργων,

635 1401 737 1457 Ὅν
760 1421 811 1455 τε
836 1401 916 1456 διὰ
940 1402 1107 1473 βροτοὶ
1131 1400 1297 1475 ἄνδρες
1324 1401 1487 1475 ὁμῶς,
1514 1400 1694 1475 ἄφατοί
1715 1421 1766 1456 τε
1791 1404 1937 1474 φατοί
1959 1420 2036 1473 τε,

636 1487 805 1555 Ῥητοί
826 1487 872 1541 τ’
898 1487 1099 1560 ἆῤῥητοί
1121 1508 1197 1559 τε,

237 1576 323 1628 sed
346 1576 448 1629 alio
475 1592 663 1641 sensu,
696 1590 858 1646 qnam
887 1580 948 1628 ut
977 1574 1098 1629 huic
1121 1575 1237 1629 loco
1261 1580 1532 1646 congruat.
1588 1574 1728 1629 Nam
1749 1574 1849 1629 hoc
1870 1590 2037 1629 unum
2057 1572 2379 1645 Epiphanius
2402 1572 2565 1643 signi·

234 1661 378 1727 ficat,
410 1678 468 1714 se
503 1678 610 1715 non
646 1661 824 1714 omnia
846 1661 1121 1732 complecti
1141 1659 1240 1716 hoc
1263 1661 1320 1715 in
1344 1677 1498 1733 opere
1522 1677 1732 1733 cupere,
1766 1676 1887 1715 cum
1918 1659 2321 1715 innumerabilia.
2342 1659 2448 1713 sint
2468 1673 2566 1712 nec

236 1748 464 1801 oratione
488 1745 856 1818 comprehendi
876 1747 1097 1819 possint.

364 1832 603 1884 Τουτέστι
622 1830 867 1901 βασιλείας
883 1830 1324 1901 Οὖαλεντινιανοῦ.]
1359 1832 1456 1888 Est
1471 1831 1554 1887 hic
1574 1849 1744 1887 annus
1764 1832 1956 1888 Christi
1973 1846 2257 1896 cccnxxrv,
2283 1848 2386 1903 quo
2410 1846 2566 1884 suum

238 1934 361 1988 opus
386 1933 672 1988 aggressus
696 1922 778 1970 est
799 1916 1138 1989 Epiphanius,
1166 1917 1415 1973 Gratiano
1439 1938 1519 1984 ιιι,
1542 1925 1596 1973 et
1615 1919 1823 1991 Equitio
1850 1919 1995 1974 Coss.
2001 1918 2400 1973 Valentinianus
2426 1917 2566 1970 enim

238 2010 286 2056 et
299 2004 493 2057 Valens
526 2004 807 2075 imperium
840 2003 1099 2074 auspicati
1116 2009 1241 2057 sunt
1262 2021 1399 2058 anno
1425 2019 1656 2060 cccnxrv
1681 2004 1935 2071 bisextili,
1972 2004 2064 2076 qui
2084 2004 2284 2057 Ioviani
2307 2009 2359 2057 et
2379 2002 2567 2058 Varro-

236 2089 374 2142 niani
397 2088 689 2143 Consulatu
710 2094 924 2143 notatur
944 2089 999 2142 in
1022 2088 1208 2143 Fastis.
1243 2088 1365 2143 Ideo
1391 2106 1560 2144 annus
1584 2090 1858 2162 utriusque
1881 2109 1939 2144 ιι
1962 2089 2154 2145 Christi
2177 2094 2258 2143 est
2281 2104 2567 2143 ccccxxiv.

240 2172 469 2227 Gratiani
486 2190 654 2229 annos
672 2174 1034 2245 praetermisit,
1052 2181 1114 2229 ut
1128 2175 1326 2246 opinor,
1344 2176 1604 2232 librarius.
1625 2175 1794 2240 Quare
1813 2175 2233 2231 substituendum
2251 2180 2332 2228 est
2348 2173 2427 2227 καὶ
2441 2172 2567 2243 Γρα-

236 2264 395 2311 τιανοΰ
421 2255 624 2329 ὀγδόου.
680 2259 960 2314 Gratianus
982 2260 1235 2331 Lupicino
1260 2268 1313 2315 et
1333 2262 1513 2316 Iovino
1537 2261 1710 2327 Coss„
1744 2267 1805 2316 ut
1837 2266 1988 2316 autor
2019 2268 2102 2316 est
2123 2260 2365 2316 Socrates
2386 2261 2476 2314 lib.
2495 2278 2567 2325 rv,

239 2360 345 2417 cap.
362 2364 413 2410 ι,
437 2344 727 2416 Imperator
744 2351 797 2399 et
812 2347 1079 2417 Augustus
1104 2363 1137 2403 a
1157 2355 1304 2418 patre
1328 2348 1658 2402 renunciatus
1677 2353 1773 2415 est,
1797 2364 1936 2402 anno
1957 2347 2148 2402 Christi
2165 2362 2431 2402 cconxvn.
2466 2344 2567 2399 Ita·

239 2448 333 2502 que
349 2431 1012 2486 undecimusValentiniani
1031 2432 1323 2486 etValentis
1342 2439 1424 2486 est
1437 2432 1674 2488 Gratiani
1686 2440 1914 2489 octavus.
1940 2432 2435 2488 InManichaeorum
2445 2431 2568 2485 hae-

237 2518 334 2570 resi
348 2535 493 2583 uvi,
514 2534 569 2570 n.
581 2535 669 2582 xx,
687 2533 855 2571 annos
876 2516 1114 2573 Gratiani
1132 2526 1519 2573 commemorat.
1555 2518 1722 2584 Quem
1738 2521 1988 2575 inlocum
2006 2524 2210 2574 caetera
2225 2534 2568 2574 reservamus.

364 2599 471 2656 Οὔκ
496 2600 620 2655 ἀθεεὶ
644 2603 1129 2674 διασκοπήσαντας.].
1178 2604 1275 2660 Hic
1299 2605 1625 2660 coniecturae
1648 2606 1795 2661 locus
1820 2612 1923 2673 est,
1957 2622 2083 2661 nam
2106 2605 2169 2660 de
2191 2606 2318 2659 vitio
2343 2609 2565 2661 constat.

240 2687 413 2743 Scribe
437 2689 775 2756 διασιωπήσας
799 2690 883 2751 τὰς
910 2689 1125 2762 ψήφους,
1173 2697 1227 2745 et
1258 2689 1371 2743 εἵσω
1407 2690 1681 2763 παρελθέῖν.
1738 2692 1863 2747 Vel:
1911 2692 2211 2758 διεσκόπησα
2241 2689 2326 2754 τὰς
2360 2691 2566 2764 ψήφους,

242 2779 291 2827 et
320 2774 646 2829 retinendum
681 2771 744 2837 εἰς
768 2773 813 2829 ὃ.
867 2774 999 2830 Cum
1031 2776 1096 2830 ad
1128 2783 1430 2847 susceptum
1463 2794 1595 2849 opus
1631 2777 2044 2849 aggrediendum
2073 2777 2451 2831 consentientia
2479 2793 2566 2832 ve-

242 2866 401 2914 strum
425 2861 660 2915 omnium
683 2859 937 2932 suffragia
956 2862 1203 2918 viderem.

367 2945 432 3002 N.
456 2964 537 3001 ιιι.
571 2944 832 3018 Πάμφιλός
855 2948 944 3018 ra]
997 2947 1094 3002 Rei
1114 2947 1386 3002 herbariae
1408 2949 1684 3020 scriptores
1708 2948 1909 3020 aliquot
1929 2953 2189 3013 recenset,
2214 2964 2437 3019 quorum
2458 2947 2567 3019 ple·

240 3047 422 3102 rosque
445 3031 776 3086 Dioscorides
798 3033 856 3086 in
876 3032 1202 3087 Praefatione
1225 3040 1623 3100 commemorat,
1648 3040 1702 3088 et
1721 3035 1852 3091 Plin.
1875 3035 1965 3089 lib.
1982 3054 2023 3091 1.
2075 3034 2137 3089 In
2158 3033 2241 3090 his
2264 3033 2566 3105 Pamphilus

239 3117 320 3171 ille
341 3119 456 3188 ipse
478 3117 683 3171 videtur
705 3133 844 3185 esse,
880 3118 941 3172 de
976 3136 1079 3189 quo
1115 3119 1331 3185 Suidas3
1367 3121 1458 3191 qui
1489 3119 1625 3175 inter
1648 3126 1853 3174 caetera
1877 3120 2254 3193 Georgicorum
2275 3125 2381 3176 tres
2403 3122 2566 3176 libros

241 3203 408 3270 edidit,
432 3204 603 3275 patria
619 3203 987 3275 Amphipolita,
1006 3206 1090 3259 vel
1108 3205 1400 3276 Sicyonius,
1422 3206 1507 3260 vel
1522 3205 1831 3278 Nicopolita.
1866 3206 1947 3261 Ex
1966 3224 2070 3279 quo
2093 3208 2348 3263 nonnulla
2367 3209 2567 3281 passim

242 3295 482 3361 excerpta
500 3290 749 3360 leguntur
771 3290 826 3343 in
850 3289 1180 3346 Constantini
1204 3290 1534 3363 Geoponicis.
1581 3292 1824 3347 Meminit
1847 3299 1900 3346 et
1920 3294 2111 3348 alicubi
2132 3294 2362 3349 Photius.

368 3374 462 3427 Kal
471 3374 793 3446 Ἡρακλείδης
813 3372 840 3427 ὅ
855 3375 1188 3446 Ταραντινός.]
1225 3377 1427 3432 Citatur
1445 3394 1478 3431 a
1498 3377 1696 3433 Galeno
1719 3379 1776 3433 in
1793 3379 1938 3432 libris
1958 3379 2020 3432 de
2038 3379 2282 3451 Compos.
2293 3381 2565 3436 Medicam.

243 3459 361 3513 κατὰ
392 3461 577 3522 τόπους
614 3461 696 3512 καὶ
729 3459 872 3531 γένηε
914 3479 1010 3515 nec
1046 3479 1152 3517 non
1187 3470 1239 3517 et
1273 3465 1339 3518 ab
1374 3463 1640 3519 Athenaeo
1674 3464 1764 3519 lib.
1789 3483 1868 3521 ιιι.
1900 3465 2198 3520 Heraclides
2234 3466 2564 3524 Tarentinus.

242 3546 377 3600 Idem
400 3552 455 3600 et
474 3546 710 3600 Andreae
732 3546 922 3601 medici
943 3549 1195 3603 meminit.

370 3633 563 3693 Βᾶσσος
589 3631 615 3684 ὁ
642 3631 858 3701 Τῦλιος.]
894 3633 1057 3704 Tylus
1079 3633 1373 3688 Messeniae
1395 3636 1521 3689 urbs
1535 3676 1549 3702 ,
1573 3653 1733 3707 quam
1756 3637 1975 3691 nonnuli
1998 3637 2241 3708 Oetylum
2264 3644 2470 3704 vocant,
2496 3640 2570 3693 ait

240 3718 425 3772 Strabo
447 3718 540 3772 lib.
558 3735 672 3774 vm.
710 3717 813 3772 Sed
837 3725 1077 3790 corrupta
1096 3718 1335 3774 hocloco
1359 3737 1465 3776 vox
1490 3727 1592 3787 est,
1617 3721 1999 3794 legendumque
2024 3740 2091 3777 ex
2113 3724 2414 3779 Dioscoride
2436 3724 2566 3777 Βᾶσ-

242 3821 321 3866 σος
346 3801 374 3856 ὁ
394 3801 618 3865 Ἰούλιος.

368 3889 464 3942 Καὶ
480 3887 753 3959 Πετρώνιος
771 3888 959 3961 Νίγερ]
991 3891 1321 3946 Dioscorides
1344 3893 1613 3946 Petronius
1634 3893 1803 3962 Niqer
1825 3895 2143 3950 coniunctim
2164 3895 2347 3960 habet3
2369 3895 2566 3949 Plinius

239 3989 356 4030 vero
380 3975 672 4028 Petronium
696 3976 969 4029 Diodotum
992 3978 1227 4050 copulat,
1252 3979 1403 4049 quasi
1426 3978 1659 4033 eiusdem
1681 3980 1786 4033 sint
1806 3981 2179 4052 appellationes
2204 3982 2406 4037 ambae.

370 4060 433 4115 N.
456 4079 530 4116 rv.
566 4057 630 4113 δι’
654 4057 777 4112 ἐτῶν
810 4061 1107 4134 δισχιλίων]
1160 4062 1279 4118 Νοιι
1312 4064 1474 4134 igitur
1506 4064 1778 4136 vulgatam
1807 4065 1866 4120 in
1898 4068 2090 4121 nostris
2125 4067 2437 4121 editionibus
2460 4085 2568 4121 Lxx

240 4147 515 4201 Seniorum
536 4146 793 4200 rationem
815 4153 1024 4202 secutus
1047 4153 1144 4215 est,
1177 4164 1433 4203 annorum
1450 4164 1692 4216 ucoxnn,
1714 4150 1806 4204 sed
1827 4153 2140 4224 castigatam
2163 4169 2224 4206 ac
2247 4167 2569 4223 germanam,

241 4247 370 4303 quae
394 4232 461 4286 ad
483 4232 712 4303 priorem
735 4248 902 4286 annos
926 4233 1071 4287 addit
1090 4252 1180 4290 ιι.
1216 4235 1417 4306 Magna
1437 4235 1543 4289 iam
1564 4240 1678 4290 tum
1702 4237 1826 4291 olim
1854 4236 2170 4292 Graecorum
2195 4238 2572 4308 exemplarium

238 4335 342 4373 non
363 4335 485 4373 cum
509 4317 761 4372 Hebraeis
782 4317 1087 4390 Latinisque
1109 4320 1291 4385 modo,
1327 4320 1420 4374 sed
1443 4337 1621 4375 secum
1653 4322 1811 4376 etiam
1845 4322 2100 4377 discordia
2131 4323 2247 4377 fuit.
2303 4325 2381 4378 De
2403 4325 2566 4396 priori
2613 4355 2656 4395 p,
2683 4345 2720 4384 s.

241 4403 447 4458 disserit
468 4404 798 4475 Augustinus
820 4404 932 4459 Lib.
959 4405 1021 4458 de
1046 4404 1197 4459 Civit.
1221 4406 1305 4460 dei
1327 4425 1412 4471 xv,
1437 4421 1550 4477 cap.
1574 4424 1691 4463 ιιιι.
1727 4407 1937 4464 Hieron.
1963 4409 2174 4472 Quaest.
2198 4409 2354 4465 Hebr.
2378 4410 2588 4481 aliique*

238 4491 469 4544 maxime
491 4490 820 4545 recentiores.
873 4490 950 4544 De
973 4490 1247 4562 posteriori
1268 4491 1384 4545 vide
1408 4490 1622 4546 Eusebii
1645 4500 1892 4564 excerpta
1909 4492 2297 4566 chronologica,
2320 4497 2412 4552 ubi
2427 4499 2568 4552 varie

240 4590 495 4630 annorum
518 4591 729 4630 summa
750 4576 1053 4647 concipitur.
1113 4575 1188 4630 Ac
1218 4582 1429 4648 propter
1451 4577 1736 4633 immanem
1758 4577 2128 4634 absurditatem
2142 4621 2155 4647 ,
2189 4599 2323 4654 quae
2357 4600 2425 4636 ex
2453 4584 2568 4637 Ma-

242 4657 496 4718 thusalem
516 4662 670 4718 annis
693 4662 873 4729 oritur,
903 4663 1109 4719 animus
1142 4670 1224 4716 est
1246 4663 1312 4719 ad
1334 4679 1670 4722 numerorum
1691 4665 2107 4722 emendationem
2129 4666 2375 4724 adiectus.
2431 4668 2569 4724 Nam
