3185 5219
2414 379 2612 437 CXXV

2168 577 2338 619 Menses
2362 578 2548 626 Iuliani,

2122 629 2280 720 maht:
2305 630 2400 670 fere
2427 631 2595 671 caeteri

330 789 493 844 Niaan
790 827 795 832 »
938 790 1183 852 Ξανθικος
1545 788 1927 861 Ἐλαφηβολιών
2154 790 2376 845 Martius

328 875 429 929 liar
936 873 987 927 ’A
994 876 1234 947 ρτεμίσιος
1545 876 1839 948 Μουνυχιὼν
2154 876 2347 946 Aprilis

328 960 525 1015 Siuvan
939 960 1134 1023 Δαίσιος
1545 960 1841 1032 Θαργηλιὼν
2154 962 2328 1015 Maius

329 1046 564 1101 Thamna
938 1044 1161 1119 Πάνιμος
1547 1045 1918 1118 Σκιῤῥοφοριών
2155 1047 2336 1100 Iunius

328 1134 409 1185 Ab
939 1134 1081 1203 Λῷος
1547 1130 1923 1203 Ἑκατομβαιών
2155 1131 2318 1186 Iulius

327 1217 445 1272 Elul
937 1217 1201 1289 Γορπιαῖος
1547 1217 1905 1288 Μεταγειτνιών
2152 1219 2426 1288 Augustus

326 1303 464 1357 Tisri
938 1302 1335 1374 Ὑπερβερεταῖος
1546 1302 1867 1374 Βοηδρομιών
2154 1303 2462 1375 September

327 1387 709 1444 Marchesuvan
941 1389 1055 1450 Δῖος
1545 1388 1930 1458 Μαιμακτηριών
2156 1389 2382 1443 October

329 1473 567 1529 Chasseu
938 1472 1236 1536 Ἀπελλαῖος
1545 1473 1835 1545 Πυανεψιών
2155 1475 2448 1529 November

326 1559 562 1614 Thebeth
939 1560 1209 1622 Αὒδυνοίῖος
1545 1558 1822 1611 Ποσειδεὼν
2153 1560 2440 1615 December

328 1644 592 1699 Schebath
939 1646 1156 1717 Περίτιος
1545 1643 1811 1717 Γαμηλιών
2153 1645 2426 1700 Ianuarius

331 1730 470 1785 Adai·
939 1732 1157 1803 Δύστρος
1544 1729 1896 1801 Ἀνθεστηριῶνι
2153 1731 2465 1788 Februarius

287 1902 351 1955 At
369 1902 425 1956 in
449 1903 674 1973 epistola
696 1903 919 1975 Philippi
941 1903 1289 1958 Macedonum
1310 1904 1478 1975 regis,
1502 1919 1641 1975 quae
1664 1909 1744 1957 est
1763 1904 1902 1975 apud
1926 1903 2194 1960 Demosth.
2217 1906 2326 1975 περὶ
2343 1903 2609 1975 Στεφάνου,

281 1987 418 2041 Lous
442 2004 563 2041 cum
587 1989 757 2043 Attico
780 1988 1057 2044 Boedrom.
1083 1991 1424 2061 componitur,
1457 1995 1521 2043 ut
1539 1990 1675 2043 alius
1698 1990 1902 2060 petilia
1925 1996 2164 2061 tempora
2185 1991 2446 2044 mensium
2471 1990 2611 2061 apud

280 2074 597 2128 Macedonas
622 2080 899 2129 contextus
920 2075 1083 2130 fuisse
1105 2076 1356 2129 videatur.
1401 2076 1480 2130 De
1504 2091 1610 2146 quo
1634 2076 1783 2129 alias.
1830 2074 1981 2128 Nunc
2010 2076 2165 2141 illud,
2201 2075 2341 2146 qnod
2371 2077 2507 2142 dixi,
2539 2092 2609 2129 ex

282 2159 660 2230 diagrammate
685 2167 912 2226 constat,
935 2161 1301 2216 Macedonicos
1324 2178 1535 2215 menses
1556 2178 1663 2214 uno
1679 2159 1791 2214 fere
1812 2177 1992 2215 mense
2011 2162 2498 2231 Syromacedonicis
2521 2178 2613 2216 an.-

282 2247 496 2300 teriores
521 2263 652 2300 esse.
699 2245 834 2300 Nam
856 2246 1153 2302 xanthicus
1178 2248 1407 2318 exempli
1428 2264 1618 2302 caussa
1642 2246 2122 2317 Syromacedonum
2145 2253 2226 2300 est
2245 2248 2436 2319 Aprilis
2455 2247 2611 2301 Iulia·
2662 2280 2705 2321 1>-
2724 2270 2813 2310 uo.

280 2349 402 2397 nus,
435 2332 806 2387 Macedonicus
828 2349 951 2387 vero
975 2334 1187 2387 tametsi
1209 2350 1329 2387 cum
1351 2335 1550 2388 lunaris
1581 2342 1664 2387 est
1685 2333 1850 2403 Aprili
1881 2349 2259 2403 nonnunquam
2280 2333 2608 2403 respondeat,

281 2418 489 2488 saepius
512 2423 689 2471 tamen
704 2418 762 2471 in
778 2419 1028 2472 Martium
1050 2420 1289 2485 incurrit,
1314 2420 1670 2491 maioremque
1686 2420 1828 2473 illius
1844 2425 2046 2490 partem
2064 2424 2299 2490 occupat.
2335 2420 2608 2473 Caeterum

281 2503 415 2573 apud
450 2502 801 2576 Epiphaninm
834 2504 935 2558 boc
968 2505 1024 2558 in
1057 2506 1173 2559 loco
1208 2523 1301 2577 pro
1326 2503 1624 2557 Ἀπελλαίου
1659 2501 1745 2575 ις’,
1779 2504 2013 2576 Scaliger
2045 2506 2137 2560 lib.
2158 2521 2207 2557 v.
2241 2504 2306 2557 de
2337 2504 2607 2560 Emendat.

279 2603 399 2660 pag.
421 2588 539 2643 482.
564 2588 627 2644 Β.
648 2590 871 2663 corrigit
887 2588 1239 2654 ’ςΑπελλαίου
1263 2589 1448 2656 .Qua
1470 2591 1673 2646 ratione
1698 2591 1972 2662 Apellaeus
1993 2589 2364 2646 Macedonicus
2387 2590 2607 2646 Novem-

280 2675 385 2729 bris
407 2694 486 2730 m.
510 2678 756 2747 coeperit.
805 2677 954 2741 Quod
976 2694 1225 2731 verumne
1248 2678 1317 2730 sit
1337 2679 1532 2733 nescio.

414 2761 554 2814 Κατὰ
574 2760 841 2829 Ἀθηναίοις
866 2762 1275 2832 Μεταγειτνιῶνος
1300 2758 1528 2832 ἑβδόμη]
1576 2762 1798 2816 Constat
1829 2778 1899 2816 ex
1930 2763 1994 2816 iis
2018 2778 2152 2833 quae
2175 2763 2334 2833 paulo
2358 2769 2479 2816 ante
2501 2763 2605 2815 dis-

278 2852 461 2917 putata
484 2853 633 2918 sunt,
658 2848 1153 2903 Maemacterionem
1175 2848 1243 2901 ab
1266 2847 1721 2902 Hecatombaeone
1745 2864 1861 2900 esse
1884 2855 2154 2917 quartum,
2190 2848 2327 2918 quod
2351 2854 2404 2901 et
2423 2846 2506 2900 hic
2529 2849 2604 2901 lo-

281 2949 369 2986 cus
391 2933 658 2988 evidenter
680 2933 1017 2989 demonstrat.
1084 2933 1221 2987 Nam
1243 2933 1596 3004 Metagitnion
1628 2934 1901 3004 proximus
1937 2939 2018 2987 est
2047 2934 2115 2987 ab
2136 2933 2606 2987 Hecatombaeene.

278 3017 444 3089 Igitur
471 3018 751 3090 Epiphauii
785 3021 995 3075 saeculo
1017 3019 1443 3075 Hecatombaeon
1467 3018 1692 3073 October
1724 3025 1856 3085 erat,
1888 3019 2294 3073 Maemacterion
2315 3019 2604 3075 Ianuarius.

277 3103 564 3158 Neomenia
580 3106 1032 3160 memacterionis
1054 3106 1299 3176 congruit
1319 3104 1434 3159 Kal·
1458 3105 1587 3176 ipsis
1611 3104 1852 3159 ianuarii,
1887 3105 2022 3160 Nam
2041 3124 2110 3163 vr.
2129 3106 2402 3161 Maemact.
2423 3105 2606 3159 eadem

279 3196 358 3244 est
377 3189 608 3244 ianuarii
628 3208 699 3245 vt.
744 3191 906 3262 Atqui
934 3192 1213 3245 neomenia
1236 3191 1635 3263 Metagitnionis
1667 3209 1776 3245 non
1808 3193 2050 3246 convenit
2068 3192 2184 3247 Kal.
2208 3191 2337 3246 Nov.
2405 3190 2607 3262 Quippe

278 3292 390 3331 vm.
412 3272 546 3329 Nor.
571 3294 662 3331 vu.
687 3276 946 3331 duntaxat
968 3283 1048 3331 est
1067 3277 1488 3350 Metagitnionis3
1520 3277 1625 3331 nisi
1657 3278 1904 3332 mendum
1935 3278 2004 3331 sit
2033 3279 2090 3331 in
2111 3276 2389 3348 Epiphanii
2409 3277 2605 3334 codice.

276 3362 324 3414 A
343 3360 577 3416 secunda
599 3361 728 3416 Nov.
754 3362 820 3415 ad
843 3363 1140 3417 ultimatam
1156 3364 1279 3418 Dec.
1299 3363 1410 3417 dies
1429 3369 1554 3417 sunt
1570 3381 1642 3417 nx
1655 3403 1668 3428 ,
1694 3379 1900 3417 menses
1918 3362 2312 3417 Atheniensium
2331 3364 2449 3418 duo.
2484 3364 2606 3417 Pro-

276 3447 397 3501 inde
419 3464 528 3501 non
545 3440 760 3501 Iulianis
773 3489 787 3515 ,
810 3448 903 3502 sed
921 3449 1281 3520 aequabih'bus
1302 3454 1353 3502 et
1370 3449 1705 3520 Aegyptiacis
1723 3449 1992 3502 mensibus
2011 3449 2092 3502 usi
2110 3454 2234 3502 sunt
2250 3448 2608 3516 Athenienses,

278 3550 397 3586 enm
420 3534 650 3605 primum
672 3533 843 3587 fixum
866 3541 919 3588 et
941 3535 1181 3589 stabilem
1207 3552 1403 3589 annum
1428 3534 1790 3588 adhibuerunt.
1836 3534 1947 3587 [mo
1971 3550 2092 3588 vcro
2124 3534 2352 3606 idipsum
2387 3537 2524 3608 apud
2545 3538 2608 3590 ss·

275 3619 357 3673 los
380 3620 802 3690 antiquissimam
821 3619 986 3674 fuisse
1006 3638 1116 3674 non
1136 3622 1338 3692 primus
1361 3620 1612 3692 Scaliger,
1646 3625 1708 3673 ut
1728 3620 1997 3689 gloriatur,
2032 3620 2126 3674 sed
2150 3619 2294 3675 Gaza
2316 3627 2438 3676 ante
2458 3623 2607 3676 illum

279 3705 456 3759 docuit
476 3706 566 3760 lib.
593 3705 655 3758 de
676 3706 972 3771 Mensibus,
996 3708 1089 3760 ubi
1111 3707 1175 3759 de
1199 3722 1336 3760 anno
1360 3707 1608 3778 disputat.
1652 3705 1860 3760 Etenim
1883 3722 2079 3772 annus,
2102 3707 2300 3777 inquit,
2324 3708 2463 3778 apud
2487 3708 2606 3761 illos

278 3799 391 3845 erat
413 3791 631 3863 duplex;
667 3794 797 3845 alter
831 3792 1029 3846 dierum
1055 3806 1256 3860 cccnx,
1289 3794 1437 3846 cuius
1468 3794 1524 3845 in
1555 3791 1664 3845 fine
1697 3791 2011 3862 appendices
2034 3809 2067 3845 v
2090 3793 2200 3847 dies
2229 3793 2605 3857 inserebantur,

279 3876 343 3929 ad
366 3893 501 3947 quos
524 3882 709 3947 quarto
734 3894 942 3948 quoque
963 3894 1099 3932 anuo
1125 3878 1235 3932 dies
1268 3894 1405 3932 unus
1436 3877 1741 3942 accedebat,
1777 3877 1908 3930 alter
1938 3879 2133 3932 lunaris
2163 3879 2281 3934 fuit.
2346 3878 2407 3931 In
2435 3879 2607 3948 priore

277 3960 446 4016 forma
468 3962 729 4016 tricenarii
751 3979 960 4017 menses
984 3970 1160 4031 erant,
1185 3964 1252 4018 ad
1274 3964 1486 4018 modum
1503 3962 1819 4033 Aegyptiaci
1840 3965 1991 4030 anni,
2014 3964 2232 4018 ultimus
2254 3964 2451 4017 mensis
2467 3980 2500 4015 v
2524 3963 2607 4015 vel

278 4063 332 4102 π
354 4047 541 4102 diebus
565 4050 764 4102 auctior
786 4054 912 4103 erat.
961 4049 1102 4103 Haec
1130 4049 1286 4104 Gaza.
1334 4049 1484 4113 Quod
1513 4054 1690 4101 utrum
1718 4048 2027 4118 priscis'illis
2048 4048 2371 4120 temporibus
2392 4064 2490 4102 usu
2514 4065 2607 4119 po-

276 4135 449 4205 pulari
470 4140 736 4205 receptum
758 4135 939 4202 luerit,
973 4136 1099 4189 alibi
1121 4134 1407 4190 disseritur.
1454 4133 1580 4187 Post
1601 4133 1858 4188 lulianam
1882 4134 2091 4205 quidem
2115 4134 2392 4188 editionem
2407 4173 2421 4199 ‚
2452 4140 2608 4204 atque

279 4216 557 4291 Epiphanii
578 4221 812 4287 saeculo,
837 4220 1096 4275 eiusmodi
1117 4236 1314 4275 annum
1339 4221 1672 4274 observatum
1695 4218 1914 4274 Athenis
1936 4220 2100 4273 fuisse
2122 4235 2191 4272 ex
2214 4218 2314 4272 hoc
2330 4218 2608 4289 Epiphanii

279 4304 392 4358 loco
416 4305 605 4360 coniici
627 4310 816 4376 potest.
862 4304 934 4359 Ut
963 4307 1104 4360 enim
1127 4306 1480 4378 Aegyptiacus
1514 4320 1684 4359 annus
1719 4306 1990 4359 mensibus
2021 4304 2310 4359 tricenariis
2345 4311 2605 4372 constans,

280 4407 397 4446 cum
427 4391 682 4447 hactenus
716 4391 817 4445 diei
849 4392 1173 4446 intercalaris
1210 4392 1491 4445 omissione
1523 4407 1619 4462 per
1650 4391 1910 4445 Iulianum
1943 4406 2140 4444 annum
2173 4396 2496 4460 evagaretur,
2528 4408 2607 4445 re·

280 4485 427 4549 cepto
451 4495 592 4533 anno
608 4478 795 4532 Iuliani
813 4482 940 4548 typo
963 4478 1269 4531 tricenarius
1291 4493 1498 4531 menses
1521 4475 1861 4530 nihilominus
1885 4476 2120 4541 retinuit,
2144 4492 2264 4529 cum
2283 4473 2607 4548 ἑπαγομέναις

280 4580 328 4629 v,
361 4571 413 4618 et
436 4565 695 4619 interdum
719 4582 802 4629 vr,
834 4565 911 4617 ita
941 4563 1187 4617 credibile
1220 4569 1301 4617 est
1321 4561 1666 4617 Athenienses
1698 4563 1754 4616 in
1778 4578 1916 4615 anno
1940 4578 2036 4615 suo
2058 4560 2272 4628 fecisse,
2308 4568 2364 4616 ut
2395 4563 2607 4616 tricenis

282 4649 537 4705 duntaxat
560 4650 742 4705 diebus
766 4650 963 4721 singuli
986 4666 1192 4704 menses
1216 4649 1563 4715 decurrerent,
1586 4665 1685 4703 nec
1710 4648 1777 4702 ad
1797 4647 2119 4703 lulianorum
2142 4649 2400 4703 mensium
2419 4650 2606 4703 descri-
