3185 5219
2457 417 2576 474 cxl

249 574 393 645 plum
422 573 721 628 instaurare
751 589 1035 645 aggressus
1057 577 1161 638 est3
1195 589 1352 644 quem
1383 587 1582 627 annum
1614 573 1873 627 decimum
1905 574 2144 644 quintum
2175 575 2309 628 libro
2332 574 2372 628 1.
2394 571 2576 627 Ἀλωσ.

251 660 499 731 appellat,
526 674 698 714 errore
720 660 1075 725 librariorum,
1101 666 1159 712 ut
1178 659 1429 731 Keplerus
1452 659 1750 724 existimat3
1774 675 1929 730 quem
1953 664 2013 712 tu
2034 661 2264 716 consule.
2304 660 2579 714 Praeterea

250 745 336 800 lib.
356 763 465 799 xvr.
488 761 604 815 cap.
622 764 695 800 rx.
721 744 1006 799 Caesareae
1028 744 1442 798 aedificationem
1464 745 1758 799 absolutam
1780 745 1963 798 scribit
1981 745 2198 799 Herodis
2223 762 2360 800 anno
2373 763 2578 811 xxvm„

252 829 456 901 olymp.
476 846 645 887 oxon.
694 830 755 885 Si
776 848 809 885 a
830 831 1033 885 Iuliano
1050 850 1144 896 ιι.,
1168 829 1323 884 Urbis
1340 846 1595 896 ncoxvu„
1619 832 1826 886 initium
1842 831 2060 885 Herodis
2085 825 2385 898 deduxeris,
2405 847 2577 886 annus

250 934 436 971 xxvm.
470 916 705 970 lulianus
739 918 837 970 erit
869 935 1078 982 xxxvr„
1113 916 1266 971 Urbis
1290 931 1568 982 nocurv.;
1606 933 1709 986 quo
1745 916 1916 987 coepit
1947 915 2105 987 Iphiti
2134 933 2433 982 nccnxvn„
2468 918 2580 971 sive

252 1002 457 1073 Olymp.
481 1015 648 1057 οιοιι.
673 1018 843 1057 annus
866 1003 1068 1057 tertius.
1112 1003 1337 1057 Demnm
1359 1002 1448 1056 lib.
1473 1019 1602 1058 xvn.
1626 1019 1739 1073 cap.
1763 1021 1814 1058 ι.
1840 1008 2077 1057 mortuus
2101 1009 2182 1056 est
2200 1002 2457 1068 Herodes,
2490 1002 2579 1072 βα-

253 1086 479 1148 σιλεύσας
503 1086 612 1160 μεθ’
635 1085 665 1140 ὃ
690 1087 777 1159 μὲν
800 1086 985 1141 &violes
1008 1086 1314 1159 Ἀντίγονον,
1337 1084 1420 1154 ἔτη
1443 1086 1659 1158 τέσσαρα
1682 1087 1764 1140 καὶ
1785 1086 2060 1158 τριάκοντα·
2087 1087 2193 1160 μεθ’
2210 1086 2240 1141 ὃ
2259 1087 2313 1141 δὲ
2330 1086 2426 1141 ὑπὸ
2450 1086 2581 1140 Ῥω·-

254 1173 411 1245 μαίων
430 1171 767 1245 ἀποδέδεικτο,
785 1170 908 1227 ἑκτὰ
925 1173 1008 1227 καὶ
1025 1171 1309 1244 τριάκονταε
1336 1174 1457 1228 Cum
1470 1184 1736 1243 reynasset
1751 1175 1817 1227 ab
1829 1177 2081 1244 Antt'qom‘
2087 1193 2205 1228 nece
2216 1191 2580 1240 annosuxrv„

254 1278 314 1312 α·
334 1279 429 1329 quo
452 1279 571 1313 vero
594 1279 689 1312 rex
711 1281 746 1314 a
768 1261 1015 1314 Romanis
1037 1271 1244 1314 ercam
1266 1269 1341 1314 eet
1360 1277 1587 1326 mvn„
1621 1261 1780 1331 paulo
1811 1265 1932 1314 ante
1963 1259 2182 1331 pascha,
2217 1267 2277 1314 ut
2309 1277 2376 1314 ex
2400 1279 2472 1314 ιι.
2495 1276 2580 1314 ca-

254 1346 358 1415 pite
381 1345 575 1415 liquet,
599 1362 720 1400 cnm
742 1351 898 1400 antea
918 1347 1047 1400 luna
1068 1345 1367 1399 defecisset:
1394 1345 1501 1416 πιρὶ
1524 1343 1630 1407 ἔτος
1656 1344 2023 1416 ίβδομηκοστδν
2044 1346 2183 1399 vitae
2206 1362 2360 1411 snae,
2395 1362 2441 1401 c.
2468 1363 2581 1399 vm.

253 1431 433 1502 ltaque
456 1432 505 1485 si
521 1447 663 1485 anuo
680 1431 879 1485 Iuliano
900 1449 969 1488 vr.
992 1447 1216 1502 regnum
1241 1449 1308 1485 ex
1330 1431 1385 1485 S.
1400 1430 1455 1484 C.
1473 1431 1704 1487 Herodes
1722 1432 2036 1503 impetravit,
2062 1447 2198 1485 anno
2218 1432 2418 1486 Iuliano
2436 1447 2583 1497 xum,

256 1518 425 1587 coepit
456 1533 662 1571 xxxvn.
729 1516 825 1570 Sin
860 1518 928 1576 ab
962 1534 1099 1571 anno
1135 1517 1337 1571 Iuliano
1368 1536 1440 1572 ιι.
1476 1515 1719 1571 inchoare
1753 1518 1951 1582 mavis,
1986 1516 2170 1572 eodem
2203 1518 2404 1572 Iuliano
2437 1535 2585 1583 xm„

254 1605 403 1674 regni
422 1621 610 1657 xmv.
631 1602 841 1656 initium
864 1604 1114 1673 sumpsit;
1140 1603 1278 1674 quod
1299 1603 1457 1674 paulo
1478 1609 1666 1674 postea
1685 1603 2103 1674 disceptabimus.

388 1690 505 1743 Iam
529 1705 652 1743 cum
671 1688 901 1743 Herodes
924 1705 1122 1743 annum
1144 1689 1378 1760 attigerit
1399 1689 1681 1759 septimum
1712 1705 1774 1742 ac
1805 1689 2150 1755 tricesimum,
2183 1704 2434 1761 magnam
2463 1689 2584 1745 inde

256 1771 475 1846 losepho
490 1774 724 1828 Annales
746 1774 999 1829 invidiam
1012 1774 1236 1842 iaciunt,
1260 1775 1401 1846 quod
1420 1776 1641 1829 istorum
1662 1791 1921 1830 annorum
1942 1775 2215 1830 exordium
2238 1791 2507 1847 perperam
2529 1775 2585 1829 in

261 1858 521 1914 Iulianum
554 1865 767 1914 sextum
796 1861 1095 1926 contulerit,
1127 1876 1293 1932 eoque
1322 1860 1582 1926 maxime,
1616 1861 1755 1932 quod
1786 1878 1924 1916 anno
1949 1860 2103 1915 Urbis
2127 1877 2294 1917 occu.
2319 1861 2512 1916 Caleno
2533 1866 2588 1915 et

256 1944 464 2000 Vau‘nio
488 1963 626 2002 coss.
651 1945 947 2017 quindecim
971 1961 1137 2000 annos
1170 1951 1323 2000 natus
1353 1946 1552 1999 dicatur
1572 1946 1826 2011 Herodes,
1857 1953 2198 2018 mortuusque
2230 1965 2368 2001 anno
2400 1947 2587 2000 aetatis

256 2047 416 2103 prope
438 2050 566 2086 ιιι.
612 2031 748 2086 Nam
781 2032 829 2086 si
860 2033 928 2086 ad
953 2048 1154 2087 nccvu.
1180 2032 1340 2086 addas
1364 2050 1495 2098 nna,
1526 2047 1697 2086 annus
1728 2032 1946 2086 Herodis
1971 2050 2091 2087 ιιι.
2123 2034 2244 2087 iniit
2271 2050 2410 2087 anno
2433 2032 2587 2086 Urbis

258 2133 481 2174 occur.
498 2159 513 2188 ,
547 2117 750 2172 iuliano
773 2135 913 2184 nnn,
948 2135 1099 2173 aerae
1123 2117 1445 2172 Christianae
1469 2136 1582 2172 vm.
1627 2119 1850 2172 Aliunde
1886 2134 2011 2189 ergo
2036 2137 2222 2173 xxxvn
2255 2120 2331 2172 illi
2353 2119 2479 2172 anni
2501 2118 2589 2171 de-

259 2203 483 2257 ducendi
507 2210 658 2270 sunt,
688 2204 938 2258 nimirum
971 2205 1038 2260 ab
1062 2221 1123 2259 eo
1148 2220 1286 2259 anno
1312 2221 1416 2274 quo
1440 2205 1655 2258 Actiaca
1675 2221 1856 2276 pugna
1877 2203 2188 2276 profligatus
2213 2209 2294 2258 est
2313 2205 2589 2271 Antonius,

255 2289 500 2361 Augusto
522 2307 607 2344 m.
629 2295 684 2344 et
702 2289 931 2344 Messala
953 2306 1085 2344 coss.
1089 2289 1334 2361 ,.Olymp
1357 2306 1628 2346 cnxxxvn.
1651 2306 1790 2344 anno
1814 2309 1871 2345 ιι.
1885 2307 2016 2361 ,quo
2040 2309 2101 2344 ex
2121 2301 2343 2362 tempore
2365 2291 2591 2344 Herodis

258 2379 384 2428 anni
404 2379 675 2429 numm-i
695 2385 988 2445 coeperunt,
1013 2387 1294 2447 propterea
1323 2380 1457 2447 quod
1488 2395 1600 2430 cum
1623 2378 1884 2446 Auymtus
1916 2395 1978 2428 ex
2004 2376 2060 2433 S.
2093 2376 2149 2430 Ο.
2179 2379 2476 2431 rescidisset
2513 2395 2589 2429 tr·

256 2466 461 2532 riteque
484 2463 794 2515 reddidisset
814 2479 946 2532 quae
969 2463 1035 2514 ab
1059 2463 1281 2516 Antonio
1301 2472 1447 2531 qesta
1472 2472 1648 2528 erant,
1673 2482 1771 2515 non
1793 2465 1942 2516 licuit
1960 2462 2163 2516 Herodi
2181 2481 2298 2517 suos
2318 2481 2478 2516 annos
2499 2479 2590 2515 nu·

257 2565 463 2600 merare
488 2547 557 2600 ab
581 2565 638 2601 eo
662 2558 882 2619 tempore
913 2567 1008 2619 quo
1045 2549 1110 2601 ab
1136 2549 1356 2602 Antonio
1387 2566 1596 2619 requam
1631 2553 1857 2620 accepit,
1888 2551 1981 2602 sed
2013 2549 2078 2602 ab
2111 2567 2166 2601 eo
2190 2553 2363 2619 potius
2395 2568 2489 2621 qno
2523 2549 2588 2602 ab
2672 2583 2684 2597 .

260 2635 490 2703 Δωρικο
515 2644 568 2687 et
586 2652 648 2699 ex
667 2634 722 2687 S.
744 2634 799 2687 C.
822 2652 1001 2687 rursus
1022 2638 1155 2688 idem
1176 2637 1308 2688 illud
1338 2653 1546 2704 requam
1580 2637 1798 2705 adeptus
1827 2645 1915 2690 est.
1976 2635 2116 2688 Haec
2139 2636 2385 2689 Annales.
2448 2635 2592 2699 Quae

259 2735 366 2773 non
387 2720 567 2774 minus
590 2734 768 2774 seeum
793 2734 953 2790 quam
974 2737 1094 2774 cum
1115 2719 1361 2775 historiae
1382 2721 1602 2774 veritate
1622 2726 1878 2791 pugnant,
1924 2719 2042 2774 Non
2071 2722 2214 2773 enim
2242 2728 2594 2775 consentanea

259 2806 363 2859 ista
395 2810 544 2871 sunt,
577 2805 796 2859 Herodis
819 2806 1027 2859 initium
1049 2807 1116 2860 ab
1142 2823 1203 2861 eo
1226 2813 1459 2877 tempore
1482 2806 1759 2871 deducere,
1795 2822 1900 2877 quo
1931 2807 1988 2859 in
2011 2807 2238 2876 gratiam
2261 2808 2328 2861 ab
2351 2807 2592 2877 Augusto

260 2900 502 2963 receptus
524 2897 633 2957 est,
657 2906 779 2946 cum
801 2892 857 2946 in
874 2891 1117 2946 Rhodum
1134 2892 1202 2946 ad
1225 2908 1346 2946 eum
1369 2892 1697 2962 navigasset,
1722 2898 1776 2944 et
1791 2891 1931 2946 hunc
1952 2907 2149 2946 annum
2172 2909 2289 2946 esse
2311 2893 2486 2963 ipsum
2509 2908 2590 2946 as-

263 2994 434 3031 serere
458 2992 564 3049 quo
580 2978 751 3032 victus
775 2983 857 3031 est
878 2978 943 3032 ad
961 2978 1170 3032 Actium
1185 2978 1462 3043 Antonius,
1486 2977 1730 3048 Augusto
1746 2995 1825 3033 m.
1850 2984 1904 3031 et
1924 2978 2156 3032 Messala
2177 2995 2311 3032 coss.
2359 2977 2492 3043 Non,
2514 2979 2593 3031 in-

264 3079 447 3134 quam,
480 3063 668 3117 eodem
690 3078 828 3117 anno
854 3080 958 3133 quo
981 3064 1199 3117 Actiaca
1217 3065 1436 3118 victoria
1458 3064 1704 3133 contigit,
1738 3063 1892 3118 Urbis
1917 3078 2206 3130 nocxxm„
2241 3063 2331 3118 sed
2355 3064 2595 3134 sequenti

263 3165 520 3205 nccxm.
556 3148 787 3205 Herodes
814 3150 1055 3221 Augusto
1090 3149 1449 3204 reconciliatus
1485 3154 1581 3204 est.
1649 3149 1784 3203 Nam
1817 3156 1938 3221 post
1962 3150 2229 3203 Actiacam
2261 3150 2463 3204 cladem
2489 3151 2595 3203 An·

265 3236 469 3288 tonium
490 3235 707 3289 minime
728 3235 983 3302 destituit,
1008 3235 1101 3290 sed
1121 3236 1175 3289 in
1202 3236 1313 3301 eius
1335 3234 1437 3288 fide
1460 3237 1771 3307 permansit3
1793 3236 1950 3305 idque
1966 3236 2123 3290 etiam
2142 3235 2279 3307 apud
2297 3237 2595 3306 Augustum

264 3322 519 3391 gloriatus
543 3326 646 3374 est:
670 3320 730 3373 τ“ο
756 3319 872 3393 μηδ’
895 3319 1161 3387 ἡττηθέντα
1184 3321 1269 3374 τὸν
1293 3319 1341 3373 ἐν
1361 3318 1543 3391 Ἀκτίῳ
1569 3319 1734 3392 μάχῃν
1758 3321 2058 3391 καταλιπεῖν,
2084 3321 2210 3392 μηδὶ
2232 3322 2597 3394 συμμεταβῆναι

270 3410 375 3467 ταῖς
396 3405 587 3477 ἐλπίσι,
624 3410 843 3478 φανερῶς
865 3406 961 3475 ἤδη
987 3408 1367 3477 μεταβαινούσης
1390 3411 1477 3475 τῆς
1498 3407 1652 3478 τύχης
1666 3448 1680 3476 ‚
1714 3409 1789 3461 ait
1809 3406 2059 3479 Iosephus
2091 3409 2125 3464 l.
2152 3426 2238 3462 xv.
2261 3425 2305 3462 c.
2325 3427 2378 3465 x.
2428 3408 2597 3472 Quare

267 3508 404 3546 anno
431 3492 642 3548 demum
664 3492 819 3547 Urbis
844 3509 1125 3560 eccum,
1148 3493 1348 3547 Iuliano
1373 3512 1505 3559 ιη,
1529 3494 1597 3547 ab
1620 3494 1859 3564 Angusto
1881 3501 2087 3565 praeter
2108 3511 2256 3565 spem
2274 3508 2499 3564 reguum
2521 3495 2598 3547 illi

267 3578 631 3633 confirmatum
653 3585 708 3633 et
729 3585 942 3634 senatus
965 3579 1171 3634 decreto
1195 3580 1587 3634 corroborat-um
1610 3586 1716 3645 est,
1748 3596 1855 3634 non
1883 3580 1957 3633 ita
1978 3585 2154 3634 tamen
2177 3586 2236 3633 nt
2257 3596 2451 3635 novum
2475 3578 2595 3633 inde

268 3665 416 3735 regni
431 3665 650 3719 Herodis
667 3666 876 3720 initium
891 3667 1171 3737 repetitum
1187 3665 1372 3731 fuerit3
1397 3665 1534 3735 qnod
1552 3666 1603 3718 ei
1623 3678 1894 3735 nunquam
1911 3666 2182 3736 Augustus
2207 3666 2410 3736 eripuit.
2446 3664 2597 3729 Quod

249 3734 313 3802 'si
336 3753 463 3804 anni
483 3751 561 3804 illi
578 3769 763 3808 xxxvn
796 3753 862 3805 ab
889 3752 1134 3806 Actiacae
1157 3751 1319 3805 cladis
1343 3768 1483 3804 anno
1505 3751 1816 3805 numerandi
1835 3751 2030 3817 forent,
2053 3758 2370 3822 postremus,
2395 3750 2491 3804 hoc
2515 3756 2598 3803 est

270 3837 563 3890 tricesimus
587 3838 840 3908 septimus
855 3879 868 3904 ,
904 3855 1010 3891 non
1045 3838 1112 3890 ab
1135 3853 1274 3891 auno
1296 3837 1531 3906 vulgaris
1554 3853 1706 3890 aerae
1731 3841 1913 3891 octavo
1928 3877 1942 3902 ,
1975 3836 2067 3891 sed
2090 3854 2230 3892 nono
2253 3836 2486 3891 inchoari
2510 3836 2596 3888 de-

271 3921 408 3989 buit,
433 3921 637 3976 luliano
662 3940 751 3977 m.
800 3923 1031 3978 Tametsi
1051 3923 1178 3977 illud
1203 3924 1377 3976 animo
1402 3922 1765 3993 repetendum,
1798 3938 1993 3976 annum
2025 3923 2198 3989 illum,
2232 3923 2399 3993 quiin
2422 3923 2597 3975 Anna-

270 4006 407 4062 libus
431 4015 648 4063 octavus
672 4025 705 4062 a
724 4010 887 4063 natali
911 4008 1101 4064 Christi
1122 4009 1324 4072 dicitnr,
1358 4023 1508 4060 aerae
1532 4006 1858 4062 Christianae
1891 4015 2102 4062 sextum
2136 4024 2277 4073 esse,
2313 4015 2367 4061 et
2398 4024 2598 4061 nonum

272 4095 432 4148 istum
453 4095 762 4165 septimium
793 4095 849 4148 id
882 4094 1021 4166 quod
1055 4112 1122 4148 ex
1146 4094 1343 4147 biennii
1375 4093 1493 4147 labe
1514 4094 1773 4159 manavit,
1807 4094 1870 4147 de
1895 4110 1999 4165 qua
2021 4110 2179 4165 snpra
2201 4093 2598 4164 disputavimus.

274 4178 416 4234 Unde
440 4197 508 4234 ex
534 4180 812 4235 Annalium
840 4181 1098 4234 sententia
1119 4178 1336 4234 Herodis
1369 4179 1541 4232 obitus
1572 4180 1628 4233 in
1650 4196 1846 4234 annum
1871 4179 2212 4234 conferendus
2238 4188 2318 4232 est
2337 4178 2599 4232 Iulianum

272 4282 359 4321 m.
375 4306 388 4331 ‚
410 4267 496 4319 vel
519 4284 658 4331 nm„
691 4267 738 4321 si
759 4267 1206 4337 septuagesimum
1229 4266 1532 4336 expleverit.
1577 4265 1739 4335 Atqui
1761 4267 1918 4337 longe
1947 4271 2066 4319 ante
2090 4264 2188 4318 hoc
2209 4270 2416 4335 tempus
2438 4264 2599 4318 Hero·

273 4351 359 4404 des
384 4352 530 4408 obiit.
577 4351 784 4405 Etenim
814 4350 1121 4417 Archelaus,
1157 4351 1247 4422 qui
1279 4358 1401 4422 post
1430 4352 1662 4421 parentis
1694 4358 1917 4404 mortem
1947 4348 2229 4404 ethnarcha
2259 4350 2326 4403 ab
2361 4351 2599 4419 Augusto

272 4437 441 4491 iactus
466 4443 576 4502 est,
600 4454 739 4491 anno
764 4439 911 4508 regni
933 4438 1017 4492 sui
1038 4454 1177 4491 nono
1201 4435 1468 4501 inchoato,
1504 4441 1561 4489 ut
1585 4454 1653 4490 ex
1677 4435 1899 4508 losepbo
1923 4436 2012 4490 lib.
2038 4454 2163 4491 ινιτ.
2190 4435 2333 4505 orig.
2358 4452 2471 4507 cap.
2496 4455 2600 4502 xv„

274 4530 325 4575 et
344 4524 434 4577 lib.
456 4542 516 4579 ιι.
540 4522 729 4578 ‘Al-mo.
756 4540 867 4593 cap.
888 4542 959 4577 ιι.
983 4529 1151 4594 patet,
1176 4523 1431 4578 Viennam
1455 4522 1717 4592 relegatus
1741 4530 1847 4587 est3
1869 4522 2026 4591 idque
2043 4521 2141 4574 Dio
2166 4522 2401 4575 evenisse
2423 4522 2602 4576 scribit

273 4608 343 4662 Μ.
366 4609 563 4680 Lepido
596 4616 651 4662 et
680 4608 739 4664 Ia.
762 4610 1003 4663 Arruntio
1028 4626 1190 4673 coss„
1214 4606 1413 4662 Iuliano
1438 4625 1536 4674 nn,
1570 4609 1662 4677 qui
1694 4624 1861 4662 annus
1893 4608 2052 4661 morti
2072 4607 2288 4661 Herodis
2311 4609 2364 4661 in
2389 4608 2601 4661 Annali-

277 4694 369 4749 bus
393 4696 713 4766 assiguatur‚
745 4710 865 4751 cum
888 4700 1010 4750 ante
1030 4713 1067 4751 ι
1091 4711 1283 4761 annos,
1316 4694 1567 4750 nimirum
1586 4694 1790 4774 Iuliano
1812 4711 1943 4751 xm.
1957 4733 1972 4761 ,
2001 4699 2268 4751 mortuum
2299 4710 2420 4749 esse
2441 4694 2600 4748 liero-
