3185 5219
434 3677 476 3716 p.
505 3665 568 3707 45.

611 412 710 471 XL

612 573 721 622 tur:
754 568 847 622 sed
868 564 1125 622 Hebraica
1146 583 1179 619 a
1202 583 1309 620 ux
1344 564 1641 620 senioribus
1665 565 1976 637 discrepant.
2055 568 2132 656 ⁶¹?
2167 535 2292 656 up}
2315 568 2392 653 'tp
2427 534 2558 636 5}ss
2593 568 2679 627 *02
2713 566 2844 638 ¹02>
2869 569 2961 628 *¹2

615 658 752 716 :nv
777 657 914 718 ’ΨΜ
940 658 1051 715 :m
1080 657 1219 717 *¹⁵53
1250 656 1326 743 ἾΡ
1378 691 1391 716 ,
1421 656 1761 723 praeceptum
1785 651 1852 707 ad
1877 657 2236 723 praeceptum,
2259 667 2380 722 spes
2402 649 2467 703 ad
2488 666 2664 721 spem,
2687 655 2787 706 etc.
2834 650 2960 704 Vel:

612 740 817 793 Mandu
841 739 1122 801 remanda,
1147 745 1384 806 expecta,
1408 747 1706 808 πετραία,-
1739 737 1878 808 quod
1902 737 1965 790 de
1988 736 2246 807 sacrilega
2265 735 2474 790 mimesi
2495 732 2850 789 ac'dicacitate
2871 736 2962 790 Iu·

615 827 865 880 daeorum
887 825 1256 893 interpretatur
1278 821 1648 892 Hieronymus.
1683 823 1754 876 At
1775 841 1898 876 ux,
1924 821 2083 892 θλίψις
2106 819 2185 874 ἐπὶ
2219 821 2396 892 θλίψιν,
2420 818 2556 883 ἐλπὶς
2577 818 2654 873 ἐπ’
2677 819 2864 891 ἐλπίδι,
2891 818 2963 874 ἔτι

615 910 806 983 μικρὸν,
832 906 901 962 ἔτι
921 909 1113 983 μικρόν.
1144 907 1400 962 Videntur
1424 912 1524 969 *m
1544 924 1640 978 pro
1665 912 1752 969 ἾῈ
1773 906 1982 979 legisse.
2020 906 2128 960 Nec
2149 907 2266 962 ideo
2289 906 2613 962 accusandus
2635 914 2717 960 est
2735 905 2963 978 Epipha-

617 998 757 1061 nius,
782 1001 843 1049 ut
865 1010 899 1048 a
920 995 1099 1048 nescio
1126 1010 1230 1063 quo
1252 992 1453 1046 sactum
1474 999 1578 1059 est,
1603 994 1756 1064 quasi
1776 993 2027 1048 Hebraico
2050 994 2307 1047 nescierit.
2339 990 2596 1048 Hebrai’ca
2618 997 2677 1047 ut
2698 998 2848 1047 erant
2867 1009 2962 1046 ex-

614 1082 823 1153 scripsit
842 1081 930 1134 ille
944 1119 958 1145 ,
982 1084 1095 1132 tum
1119 1078 1187 1132 ad
1210 1079 1424 1148 singula
1444 1079 1703 1133 vocabula
1723 1078 1975 1133 Graecam
1996 1080 2477 1149 interpretationem
2501 1078 2757 1147 adiunxit,
2784 1079 2960 1132 cuius-

615 1166 839 1221 modiin
863 1164 1084 1219 ecclesia
1105 1165 1303 1236 passim
1328 1164 1563 1218 exaudiri
1586 1166 1813 1231 solebat3
1837 1173 1891 1218 et
1913 1163 2245 1235 ἑρμηνεύεται,
2278 1164 2437 1230 dixit,
2460 1163 2559 1217 hoc
2581 1169 2662 1217 est
2681 1165 2760 1217 ita
2780 1179 2814 1216 a
2831 1180 2958 1221 mxx.

613 1253 860 1307 redditur.
933 1250 1083 1315 Quod
1117 1255 1295 1305 autem
1325 1249 1464 1303 idem
1497 1251 1585 1303 ille
1625 1256 1825 1317 censet,
1866 1250 2150 1305 Nicolaitae
2179 1250 2444 1322 impurissi
2503 1251 2522 1303 i
2554 1249 2638 1303 dei
2661 1251 2744 1304 sui
2763 1266 2962 1305 nomeu

614 1336 950 1406 Καυλαυκαὶιχ
967 1354 996 1389 e
1013 1335 1201 1390 Psalm.
1216 1353 1361 1389 xxxx.
1375 1337 1680 1407 sumpsisse,
1698 1336 1789 1389 ubi
1808 1336 1882 1389 ita
1899 1337 2150 1406 scriptum
2167 1342 2250 1389 est
2266 1340 2423 1398 rem-3
2496 1340 2708 1422 ’φησι
2729 1335 2961 1401 robusta,

613 1440 674 1476 ac
695 1438 969 1494 perperam
990 1420 1339 1493 Epiphaniam
1362 1438 1432 1475 ex
1454 1420 1595 1475 Isaia
1613 1423 1946 1476 transtulisse
1960 1461 1975 1486 ,
2013 1420 2143 1475 mihi
2164 1436 2271 1476 non
2293 1421 2494 1492 probat.
2545 1419 2680 1474 Nam
2703 1421 2807 1475 illis
2829 1421 2961 1492 ipsis

616 1508 788 1562 Isaiae
809 1508 983 1561 verbis
1008 1507 1203 1562 abusos
1224 1506 1515 1561 haereticos
1540 1508 1689 1561 testis
1714 1513 1795 1561 est
1815 1508 2051 1571 Hieron„
2073 1507 2224 1560 cuius
2247 1506 2376 1561 haec
2398 1506 2557 1561 verba
2575 1512 2726 1560 sunt:
2762 1507 2962 1577 Hisque

616 1596 787 1648 verbis
822 1595 967 1647 abuti
995 1595 1123 1646 solet
1151 1595 1553 1646 immundissima
1586 1594 1818 1647 kannis
1852 1594 1996 1663 apud
2023 1594 2280 1662 simplices
2304 1610 2516 1663 quosque
2539 1602 2688 1663 atque
2711 1595 2961 1662 deceptos,

614 1692 672 1734 ut
694 1690 937 1732 terrorem
949 1683 1135 1748 saciat
1154 1682 1377 1732 novitate
1400 1696 1707 1742 sermonum5
1740 1681 1874 1749 quod
1901 1679 2102 1731 scilicet
2121 1682 2209 1748 qui
2230 1678 2359 1731 haec
2382 1679 2540 1731 verba
2565 1683 2881 1746 coynoven't,
2914 1688 2963 1730 et

616 1770 671 1818 in
696 1770 830 1819 coitu
869 1782 1041 1818 eorum
1073 1768 1378 1828 meminerit,
1413 1766 1600 1834 absque
1632 1766 1742 1817 ulla
1775 1765 2087 1818 dubitatione
2122 1772 2355 1817 transeat
2388 1766 2464 1817 ad
2494 1782 2659 1832 reqna
2695 1764 2960 1817 coelorum.

616 1852 827 1904 Nicetas
860 1851 953 1904 lib.
982 1868 1015 1904 ι.
1042 1849 1296 1904 Thesauri
1318 1849 1602 1904 Nicolaitae
1634 1850 1816 1905 scribit
1835 1849 2116 1905 Prunicum
2148 1848 2421 1903 mulierem
2451 1854 2513 1901 et>
2533 1848 2851 1903 Gaulaucam
2873 1864 2959 1903 ve-

620 1941 829 1990 neratos
854 1952 986 1989 esse.

944 2072 1037 2128 AD
1078 2073 1427 2127 HAERESIM
1458 2073 1687 2139 xxvl„
1729 2073 1909 2138 QUAE
1949 2073 2076 2128 EST
2118 2072 2623 2128 GNOSTIGORUM.

758 2193 1129 2248 Gnosticorum
1164 2195 1470 2266 appellatio,
1503 2210 1664 2265 quam
1696 2195 2038 2266 impurissimi
2067 2192 2449 2249 haereticorum
2475 2199 2816 2263 usurparunt,
2851 2195 2961 2247 exi·

620 2281 787 2334 mium
813 2280 1073 2350 quendam
1107 2286 1265 2350 atque
1299 2281 1623 2351 exquisitum
1653 2280 1817 2333 animi
1839 2286 2033 2333 statum
2058 2295 2116 2333 ac
2142 2281 2432 2335 sanctitatis
2468 2278 2755 2349 significat,
2794 2285 2855 2333 ut
2893 2297 2962 2333 ex

623 2366 977 2420 Alexandrino
998 2364 1263 2420 Clemente
1288 2367 1509 2436 aliisque
1534 2366 1781 2436 colligere
1796 2367 1932 2421 licet.
1968 2365 2100 2419 Nam
2126 2367 2264 2437 apud
2287 2366 2438 2419 illum
2457 2383 2491 2419 ι.
2517 2364 2742 2435 Paedag.
2763 2378 2878 2435 cap.
2892 2383 2962 2418 vr.

622 2456 958 2522 opponuntur
982 2450 1028 2503 οἱ
1066 2451 1334 2504 Γνωστικοὶ
1367 2455 1470 2512 τοῖς
1508 2452 1782 2522 Ψυχικοῖς,
1807 2457 1860 2505 et
1882 2451 2204 2521 Πνευματικοὶ
2226 2456 2493 2505 vocantur.
2546 2449 2653 2501 Οὐκ
2688 2447 2783 2521 ἄρα
2807 2449 2853 2502 οἳ
2876 2449 2961 2521 μὶν

618 2535 913 2605 Γνωστυιοὶ,
949 2536 994 2588 οἱ
1028 2535 1081 2589 δὲ
1108 2536 1326 2607 Ψυχικοὶ
1350 2534 1398 2588 ἐν
1426 2536 1564 2607 αὐτῷ
1587 2541 1663 2607 τῷ
1688 2535 1862 2607 λόγῳ,
1896 2535 2010 2588 ἀλλ’
2036 2535 2081 2589 οἱ
2115 2534 2289 2598 πάντες
2311 2535 2600 2607 ἀποθέμενοι
2622 2535 2707 2596 τὰς
2730 2535 2962 2606 σαρκικὰς

621 2622 873 2694 ἐπιθυμίας
904 2623 1005 2675 ἶσοι
1037 2623 1118 2675 καὶ
1142 2623 1466 2693 Πνευματικοὶ
1500 2622 1637 2696 παρὰ
1658 2627 1732 2694 τῷ
1757 2623 1927 2694 κυρίῳ.
1981 2623 2085 2677 Sed
2107 2624 2164 2676 iu
2191 2624 2307 2676 aliis
2331 2622 2672 2694 Στρωματέων
2702 2623 2877 2687 libris,
2909 2629 2964 2676 et

620 2710 882 2780 imprimis
906 2727 999 2762 vu.
1026 2709 1088 2762 de
1115 2707 1380 2763 Gnosticis
1403 2715 1459 2762 et
1479 2713 1725 2780 γνωστικῇ
1751 2707 1949 2781 δυνάμει
1970 2709 2205 2780 pluribus
2232 2709 2489 2779 disputat3
2521 2709 2671 2762 cuius
2705 2708 2816 2778 τρία
2848 2725 2963 2763 esse

620 2794 746 2848 dicit
768 2792 1166 2866 ἆποτελέσματαε
1200 2796 1448 2849 nimirum
1479 2795 1536 2847 ‘cb
1568 2795 1824 2865 γινώσκειν
1858 2793 1920 2847 τὰ
1950 2794 2244 2865 πράγματα,
2279 2795 2501 2864 δεύτερον
2532 2793 2591 2845 τὸ
2623 2792 2855 2846 ἐπιτελεῖν
2891 2792 2963 2846 ὅτι

620 2880 679 2932 ἂν
705 2877 731 2932 ὃ
757 2878 908 2950 λόγος
934 2880 1239 2952 ὑπαγορεύῃ,
1264 2879 1345 2933 καὶ
1371 2881 1530 2950 τρίτον
1552 2880 1609 2932 τὸ
1635 2881 1959 2951 παραδιδόναι
1982 2880 2215 2932 δύνασθαι
2239 2879 2518 2950 θεοπρεπῶς
2535 2879 2597 2932 τὰ
2613 2880 2747 2950 παρὰ
2763 2883 2823 2947 τῆ
2842 2879 2963 2947 ἄλη-

622 2966 726 3036 cuiq
749 2964 1154 3036 ἐπικεκρυμμένα.
1206 2966 1376 3030 Quare
1402 2965 1644 3020 Gnostici
1678 2973 1803 3020 sunt
1830 2966 2070 3020 homines
2103 2966 2332 3036 perfecta
2366 2982 2427 3019 ac
2459 2967 2716 3037 singulari
2738 2966 2963 3036 quadam

619 3053 810 3105 virtute
834 3068 898 3105 ac
931 3052 1225 3106 divinarum
1256 3069 1431 3105 rerum
1463 3053 1685 3105 scientia
1715 3052 1960 3123 praediti,
2001 3068 2098 3104 nec
2131 3067 2194 3105 ea
2226 3052 2437 3122 quidem
2469 3053 2699 3122 vulgari,
2740 3052 2834 3106 sed
2874 3052 2961 3105 ab·

622 3142 796 3190 strusa
819 3154 881 3190 ac
905 3137 1187 3192 recondita.
1240 3137 1387 3191 Unde
1411 3139 1503 3208 qui
1522 3154 1558 3190 a
1579 3138 1822 3202 Nicolao,
1856 3136 2083 3190 Basilide
2106 3139 2426 3208 eaeterisque
2446 3138 2724 3209 propagati
2744 3153 2961 3192 arcanas

624 3223 878 3292 quasdam
902 3238 1074 3292 nugas
1099 3229 1154 3276 et
1184 3223 1478 3276 execranda
1508 3224 1689 3277 nescio
1723 3239 1855 3293 quae
1883 3223 2165 3292 figmenta,
2201 3224 2346 3277 velut
2376 3224 2650 3293 mysteria,
2684 3224 2962 3289 traderent,

624 3307 933 3368 Γνωστικοὺς
959 3325 1016 3362 se
1039 3310 1108 3363 ab
1134 3309 1398 3379 exquisita
1419 3308 1509 3361 illa
1532 3323 1705 3361 rerum
1730 3308 2100 3362 altissimarum
2125 3310 2316 3363 notitia
2337 3309 2438 3362 dici
2459 3311 2748 3363 voluerunt.
2784 3310 2964 3380 Augu·

623 3395 817 3447 stinus:
859 3395 1095 3447 Gnostici
1108 3403 1325 3464 propter
1349 3396 1700 3446 excellentiam
1729 3398 1975 3447 scientiae
1997 3399 2074 3448 sic
2096 3414 2151 3447 se
2176 3397 2463 3466 appellatos
2485 3413 2591 3449 esse
2606 3397 2689 3448 ecl
2703 3397 2968 3466 appellari

623 3480 854 3531 debuisse
877 3481 1185 3548 plor-iatum.
1236 3478 1389 3549 Apud
1413 3479 1683 3534 Socratem
1705 3481 1795 3533 lib.
1821 3497 1889 3534 rr.
1914 3497 2028 3551 cap.
2051 3497 2226 3546 nun,
2250 3482 2381 3534 alias
2405 3478 2504 3550 ιβ’,
2525 3480 2864 3551 corrigendus
2887 3482 2964 3534 in·

624 3571 850 3636 terpres,
884 3565 975 3634 qui
1011 3565 1148 3636 quod
1172 3565 1429 3635 Evagrius
1464 3565 1528 3618 de
1563 3566 1760 3636 insigni
1794 3565 2019 3636 quodam
2052 3566 2308 3622 monacho
2346 3567 2626 3637 scripserat
2651 3566 2719 3620 ad
2740 3567 2964 3620 Mariam

620 3651 797 3705 lacum
819 3649 1114 3705 habitantez
1150 3653 1397 3721 προςοικέί
1421 3650 1474 3702 δὲ
1499 3650 1622 3722 αὐτῇ
1648 3651 1869 3722 μοναχος
1892 3655 1977 3718 τῆς
2000 3651 2315 3723 παρεμβολῆς
2339 3655 2438 3705 τῶν
2461 3653 2750 3705 Γνωστικῶν
2776 3650 2804 3703 ὁ
2829 3653 2962 3705 δοκι-

626 3736 856 3807 μώτατος
870 3777 884 3805 ,
917 3737 994 3789 ita
1014 3737 1194 3791 vertit:
1232 3737 1300 3788 In
1332 3756 1398 3790 ea
1424 3736 1701 3790 monachus
1723 3756 1784 3790 ex
1805 3747 1946 3790 secta
1975 3739 2325 3792 Gnosticorum
2347 3743 2430 3790 vir
2450 3742 2848 3809 spectatricem
2869 3738 2962 3790 Ιια·

627 3824 828 3875 bitavit.
862 3821 1096 3878 Fallitur.
1151 3820 1331 3892 Neque
1354 3823 1496 3875 enim
1519 3839 1588 3876 ex
1612 3828 1722 3876 tam
1743 3824 1949 3894 impura
1972 3829 2116 3876 secta
2136 3823 2414 3877 laudabilis
2438 3839 2500 3878 ac
2519 3824 2715 3894 probus
2738 3823 2963 3877 existere
3012 3883 3018 3890 ,

622 3906 910 3962 monachus
934 3908 1131 3978 potuit,
1164 3924 1336 3978 neque
1360 3907 1424 3961 de
1444 3909 1726 3963 virtutibus
1748 3914 1860 3963 tam
1883 3910 2142 3980 exquisite
2166 3909 2445 3980 disputare.
2495 3907 2666 3973 Quare
2688 3909 2962 3970 Γνωστικὸς

622 3994 807 4047 eodem
828 4009 1014 4058 sensu,
1040 4010 1143 4063 quo
1168 3993 1407 4048 Clemens
1432 4011 1561 4049 usus
1586 4001 1694 4061 est,
1718 4001 1773 4048 et
1793 3995 2048 4065 Evagrius
2072 3996 2184 4067 ipse
2198 4035 2212 4061 ,
2237 3996 2329 4064 qui
2350 3996 2543 4049 librum
2565 4012 2626 4048 eo
2649 3995 2863 4049 nomine
2884 3996 2961 4048 in-

622 4081 923 4151 scripserat,
959 4079 1291 4150 accipiendus
1316 4085 1418 4146 est,
1453 4098 1642 4152 nempe
1665 4078 1694 4132 ὁ
1719 4079 2030 4143 καταξιωθεὶς
2053 4083 2138 4147 τῆς
2162 4079 2417 4150 γνώσεως,
2453 4080 2650 4134 eximia
2671 4080 2961 4135 divinarum

621 4183 796 4220 rerum
819 4166 1039 4220 scientia
1059 4165 1341 4236 praeditus.
1392 4166 1568 4222 Redeo
1603 4166 1669 4220 ad
1697 4165 1938 4220 haeresin
1964 4166 2355 4231 Gnosticorum,
2390 4182 2523 4235 quae
2556 4183 2665 4220 non
2698 4182 2807 4220 una
2838 4168 2960 4220 sim-

621 4253 849 4323 plexque
866 4252 989 4318 fuit,
1013 4252 1105 4305 sed
1124 4251 1353 4305 universi
1368 4252 1477 4306 fere
1490 4292 1503 4316 ,
1529 4269 1663 4322 quos
1682 4251 1958 4305 fabulones
1975 4251 2304 4322 Augustinus
2321 4256 2498 4316 vocat,
2523 4256 2725 4323 quique,
2749 4257 2809 4305 ut
2823 4251 2960 4306 idem

623 4338 724 4402 ait,
736 4338 957 4406 fabulas
976 4357 1168 4403 vanas,
1203 4356 1386 4409 easque
1409 4339 1591 4406 Ionqas
1614 4348 1665 4391 et
1681 4339 1958 4408 perplexas
1982 4346 2362 4401 contexuerunt,
2393 4336 2762 4392 Gnosticorum
2786 4338 2959 4410 appel-

622 4424 817 4477 latione
842 4430 1133 4478 censentur.
1169 4422 1494 4494 Epiphanius
1517 4423 1657 4476 infra
1676 4422 1817 4477 haer.
1838 4439 2002 4487 xxxa,
2026 4422 2125 4476 sub
2147 4422 2372 4488 initium,
2395 4423 2575 4477 decem
2594 4423 2960 4479 Gnosticorum

624 4525 819 4580 genera
840 4509 988 4575 facit,
1020 4525 1054 4562 a
1074 4508 1291 4562 totidem
1311 4510 1520 4562 illorum
1542 4514 1837 4580 propagata
1857 4507 2076 4562 ducibus
2091 4549 2105 4574 ,
2140 4525 2271 4579 quos
2292 4510 2484 4580 partim
2507 4509 2692 4564 eodem
2711 4512 2806 4564 illo
2826 4511 2958 4575 loco,

624 4596 816 4666 partim
837 4595 1041 4651 haeresi
1062 4612 1227 4649 xxvn.
1249 4611 1304 4646 n.
1323 4611 1342 4647 1
1365 4598 1652 4664 percenset.
1710 4594 1848 4647 Sunt
1867 4600 2043 4648 autem
2065 4593 2143 4647 hi:
2179 4595 2362 4649 Simon
2384 4595 2687 4660 Menander,
2723 4595 2958 4650 Saturni·

621 4681 732 4748 lus,
766 4681 1046 4748 Basilides,
1080 4680 1351 4747 Nicolaus,
1385 4678 1751 4752 Carpocrates,
1774 4680 2106 4750 Valentinus,
2137 4680 2477 4748 Golorbasus,
2506 4680 2867 4748 Ptolomaeus,
2904 4686 2958 4738 et
