3185 5219
570 386 795 445 Lxxvi

740 578 831 633 AD
864 576 1211 634 HAERESIM
1240 578 1332 645 L„
1377 577 1557 648 QUAE
1589 578 1719 635 EST
1750 578 2725 635 TESSARESCAEDEOATITARUM.

708 716 1290 780 Quartadecimanorum
1331 717 1442 771 sive
1483 717 2070 789 Τεσσαρεςκαιδεκατιτῶν
2104 716 2332 771 haeresis
2373 734 2440 771 ea
2468 718 2675 789 proprie
2710 716 2892 771 dicitur

574 818 707 874 quae
728 802 936 856 Iudaico
958 819 1103 856 more
1132 801 1327 873 pascha
1355 804 1483 856 luna
1502 822 1610 859 xiv.
1635 803 2000 857 celebrandum
2030 804 2237 867 asserit,
2269 819 2652 874 quamcumque
2677 803 2892 856 demum

571 889 628 943 in
649 889 832 943 feriam
855 888 1072 941 incidat:
1109 903 1241 957 quae
1264 887 1364 942 fuit
1385 889 1732 942 Asiaticorum
1757 889 1957 959 opinio,
1992 890 2082 959 qui
2102 889 2313 942 Ioannis
2342 889 2617 943 autoritate
2638 889 2760 942 freti
2780 904 2892 959 per—

571 974 809 1028 tinaciter
828 974 987 1027 ritum
1008 975 1157 1027 illum
1181 974 1714 1044 consuetudinemque
1735 980 2026 1029 tenuerunt.
2081 974 2160 1030 De
2184 991 2285 1045 quo
2307 974 2566 1029 Eusebius
2586 975 2676 1028 lib.
2689 992 2739 1028 v.
2761 974 2893 1027 Hist.

571 1059 729 1114 Addit
758 1060 1087 1129 Augustinus
1117 1059 1208 1113 lib.
1233 1059 1296 1112 de
1326 1060 1535 1114 Haeres.
1573 1060 1788 1113 eosdam
1815 1061 1938 1114 illos
1961 1079 2069 1115 xxv.
2101 1062 2229 1114 luna
2258 1060 2435 1115 Martii
2464 1060 2662 1114 mensis
2685 1058 2896 1131 ‘pascha

570 1145 770 1199 fixisse.
808 1145 908 1198 Ubi
923 1146 1172 1199 Martium
1189 1162 1295 1198 non
1313 1146 1597 1214 Iulianum,
1621 1144 1712 1198 sed
1734 1145 1969 1199 lunarem
1992 1146 2216 1216 intelligi
2235 1162 2446 1199 necesse
2468 1150 2575 1210 est,
2599 1162 2722 1198 cum
2743 1145 2893 1216 pleri-

574 1247 673 1301 que
696 1230 967 1302 paschales
992 1247 1201 1289 menses
1223 1231 1381 1283 etiam
1402 1230 1600 1285 Iudaici
1623 1231 1679 1285 in
1700 1231 1931 1301 Aprilem
1952 1232 2251 1285 inciderent.
2298 1230 2413 1286 Nisi
2440 1231 2575 1285 forte
2607 1230 2664 1284 in
2696 1247 2761 1285 ea
2783 1231 2893 1301 qui·

573 1317 694 1370 dam
728 1317 972 1387 opinione
1005 1315 1199 1368 fuerint
1229 1321 1288 1368 ut
1308 1316 1497 1369 Martio
1529 1333 1710 1369 mense
1744 1322 1991 1387 perpetuo
2017 1317 2382 1370 celebrandum
2404 1320 2659 1387 putarent.
2707 1316 2898 1369 Scribit

572 1403 712 1457 enim
734 1388 1037 1455 Philastrius
1070 1400 1562 1464 Quartadecimanos
1595 1400 1792 1471 pascha
1822 1418 2000 1456 mense
2029 1402 2218 1456 Martio
2252 1401 2619 1456 celebrandum
2651 1417 2894 1454 asserere.

571 1486 743 1557 Atque
764 1486 894 1541 haec
915 1489 1014 1538 τῶν
1039 1486 1626 1556 Τεσσαρεςκαιδεκατιτῶν
1655 1502 1779 1539 vera
1800 1496 1882 1540 est
1903 1492 1957 1540 et
1978 1504 2232 1557 germana
2252 1489 2414 1542 notio.
2469 1487 2574 1541 Sed
2596 1492 2651 1539 et
2672 1488 2778 1539 alia
2797 1485 2900 1539 fuit

574 1573 756 1627 eodem
779 1572 1033 1625 vocabulo
1058 1570 1430 1642 comprehensa
1453 1572 1850 1642 depravatorum·
1871 1573 2090 1627 istorum
2118 1573 2305 1638 factio,
2336 1589 2471 1644 quae
2503 1572 2637 1627 mira
2669 1570 2898 1642 quadam

572 1659 829 1712 abusione
861 1656 1444 1720 Quartadecimanorum
1474 1671 1667 1710 nomen
1699 1659 1903 1712 meruit.
1964 1658 2212 1712 Nonnulli
2243 1659 2432 1729 quippe
2464 1657 2773 1711 celebrando
2808 1673 2898 1729 pa·

573 1744 741 1797 schati
764 1748 964 1795 certum
988 1742 1043 1794 in
1067 1758 1203 1795 anuo
1227 1743 1428 1796 Iuliano
1453 1742 1591 1795 diem
1615 1747 1931 1797 statuerunt:
1955 1746 2100 1798 velut
2121 1763 2233 1799 vm.
2257 1744 2370 1797 Kal.
2393 1749 2488 1796 aut
2509 1760 2596 1797 xv.
2622 1749 2715 1796 aut
2737 1760 2810 1809 x.,
2833 1741 2896 1795 de

574 1829 765 1900 quibus
787 1828 941 1897 paulo
974 1833 1097 1897 post
1129 1828 1391 1897 agendum
1422 1829 1548 1893 erit,
1581 1845 1714 1898 quos
1746 1845 1928 1882 omnes
1951 1829 2269 1900 Epiphanius
2291 1829 2370 1882 'ad
2403 1828 2900 1893 Quartadecimanos

574 1913 897 1984 aggregavit.
943 1913 1119 1966 Tertia
1141 1916 1224 1979 τῆς
1248 1918 1336 1965 τοῦ
1360 1911 1541 1983 Πάσχα
1565 1914 1860 1984 διαστροφῆς
1881 1915 2016 1968 ratio
2039 1920 2194 1985 atque
2216 1914 2469 1979 haeresis,
2502 1919 2562 1967 ut
2582 1929 2616 1966 a
2637 1913 2897 1984 prioribus

573 2000 801 2063 diversa,
835 1999 911 2051 sic
935 1996 1521 2062 Quartadecimanorum
1556 2000 1956 2070 appellationem
1986 2000 2175 2054 iustius
2199 2017 2357 2071 quam
2379 2000 2633 2070 posterior
2654 1998 2786 2053 haec
2809 1998 2900 2053 ob-

574 2086 782 2149 tinebit3
816 2100 951 2155 quae
973 2101 1093 2138 cum
1116 2085 1413 2139 universam
1436 2085 1563 2139 olim
1582 2083 1856 2139 ecclesiam
1869 2122 1886 2149 ‚
1915 2091 2030 2138 tum
2049 2086 2334 2157 >praecipue
2358 2085 2730 2139 occidentalem
2752 2101 2902 2137 exer-

574 2173 698 2226 cuit.
744 2171 891 2225 Hanc
914 2172 1005 2241 qui
1026 2172 1190 2224 secuti
1211 2177 1359 2235 sunt,
1392 2169 1585 2241 pascha
1610 2171 1686 2223 illi
1720 2171 1927 2241 quidem
1952 2171 2211 2225 dominico
2235 2171 2317 2224 die
2339 2171 2696 2234 celebrabant;
2728 2170 2822 2223 sed
2852 2169 2902 2224 si

572 2276 680 2312 xrv.
697 2258 826 2310 luna
845 2257 901 2310 in
923 2273 1045 2310 eum
1063 2256 1199 2310 diem
1223 2257 1484 2320 incideret,
1506 2273 1614 2310 non
1637 2273 1705 2310 ex
1727 2257 2043 2328 praescripto
2063 2256 2319 2310 Nicaenae
2336 2256 2537 2325 Synodi
2557 2256 2613 2310 in
2630 2274 2741 2311 xxr.
2761 2254 2899 2309 diem

574 2343 905 2407 differebant,
939 2342 1029 2394 sed
1063 2342 1119 2395 in
1138 2343 1362 2395 termino
1387 2342 1502 2411 ipso
1524 2342 1720 2395 festum
1743 2342 1975 2398 obibant.
2019 2342 2169 2407 Quod
2201 2343 2256 2395 in
2281 2342 2452 2395 Gallia
2485 2342 2776 2412 quondam,
2808 2342 2898 2394 Hi-

573 2429 783 2500 spania,
819 2444 879 2480 ac
910 2416 1215 2497 praesertim
1245 2426 1519 2481 Britannia
1546 2428 1823 2498 plerosque
1856 2428 2087 2481 tenuisse
2119 2433 2372 2481 testantur
2403 2427 2603 2492 Bedae,
2637 2427 2900 2497 Sigeherti

573 2531 636 2568 ac
656 2521 978 2567 caeterorum
1000 2514 1210 2583 scripta.
1244 2514 1373 2568 Vide
1396 2513 1653 2584 imprimis
1669 2512 1867 2567 Bedam
1891 2514 1923 2566 l.
1942 2532 1999 2568 11.
2022 2513 2159 2567 Eccl.
2181 2514 2314 2567 Hist.
2339 2530 2382 2566 c.
2400 2532 2496 2577 111„
2521 2519 2574 2566 et
2593 2513 2692 2567 ΙΝ.
2717 2529 2765 2568 c.
2785 2531 2896 2568 ur.

573 2601 711 2656 Tum
728 2617 862 2672 quae
880 2599 947 2653 ad
962 2597 1312 2670 Nicephorum
1329 2604 1451 2653 ante
1467 2617 1662 2671 paucos
1681 2616 1847 2654 annos
1867 2599 2248 2656 adnotavimus.
2281 2599 2582 2653 Postremus
2600 2598 2664 2652 de
2683 2598 2899 2653 celebri-

572 2693 680 2740 tate
709 2685 970 2757 paschatis
994 2702 1136 2738 error
1157 2685 1459 2739 Latinorum
1489 2686 1616 2751 fuit,
1653 2686 1744 2756 qui
1776 2702 1895 2739 cum
1925 2687 1980 2739 in
2013 2687 2230 2740 caeteris
2259 2686 2546 2739 Nicaenum
2568 2700 2824 2738 canonem
2846 2689 2903 2739 et

572 2771 880 2827 catholicam
901 2771 1140 2841 regulam
1162 2771 1522 2836 observarent,
1546 2772 1757 2826 Iudaico
1778 2778 1954 2826 tamen
1977 2772 2082 2825 ritu
2105 2772 2340 2825 citimum
2361 2772 2641 2826 terminum
2663 2776 2899 2825 antever-

571 2865 739 2912 tentes
771 2859 929 2930 primi
957 2858 1154 2911 mensis
1192 2859 1523 2911 neomeniam
1552 2877 1603 2913 v.
1636 2858 1812 2912 Martii
1841 2858 2251 2922 constituebant,
2284 2873 2346 2909 ac
2379 2857 2509 2910 duos
2544 2872 2711 2910 anuos
2756 2871 2904 2910 com·

571 2961 758 2999 munes
792 2943 1084 3008 habebant,
1115 2959 1249 3013 quos
1278 2944 1466 3014 reliqui
1496 2944 1906 3008 embolismicos3
1939 2943 2188 2997 nimirum
2221 2945 2364 3012 cyclo
2387 2960 2501 2998 vm.
2534 2958 2598 2996 ac
2621 2960 2732 2996 ιιι.
2794 2941 2901 2995 Ad·

490 3027 499 3040 '
572 3048 755 3086 versus
791 3047 921 3100 quos
956 3046 1240 3099 eorumque
1274 3028 1584 3098 signiferum
1616 3030 1935 3083 Victorinum
1966 3029 2195 3099 disputat
2226 3028 2371 3084 Beda
2401 3045 2508 3081 non
2540 3044 2645 3083 uno
2677 3028 2735 3082 in
2765 3028 2900 3082 loco.

570 3116 743 3187 Atque
764 3117 863 3169 etsi
882 3116 1011 3169 iuna
1027 3133 1135 3168 xiv.
1156 3107 1532 3185 nonnunquam
1554 3115 1644 3168 isti
1664 3113 1859 3184 pascha
1874 3115 2132 3168 dominico
2157 3115 2240 3168 die
2262 3115 2605 3180 celebrarent,
2627 3129 2902 3184 nunquam

570 3207 749 3256 tamen
772 3207 894 3254 ante
925 3200 1334 3270 aequinoctium:
1372 3200 1510 3269 quod
1542 3199 1724 3253 Iudaei
1753 3200 2084 3264 factitabant,
2118 3206 2178 3253 ut
2208 3200 2334 3254 alibi
2365 3199 2579 3253 dicetur.
2643 3199 2749 3252 Sed
2771 3198 2904 3253 haec

574 3304 707 3357 quae
740 3286 803 3340 de
833 3286 1032 3340 Latinis
1066 3285 1230 3338 obiter
1260 3285 1451 3338 iniecta
1484 3291 1630 3339 sunt·
1665 3285 1910 3339 nimirum
1940 3303 2031 3338 eos
2060 3301 2436 3356 nonnunqum
2468 3283 2666 3354 pascha
2696 3284 2903 3338 decima

576 3377 761 3442 quarta
792 3373 920 3425 luna
947 3372 1237 3440 peregisse,
1270 3371 1506 3425 cautione
1539 3387 1602 3424 ac
1632 3371 1959 3425 distinctione
1991 3387 2119 3442 opus
2152 3370 2361 3424 habent.
2406 3371 2616 3441 Duplex
2638 3371 2782 3424 enim
2801 3371 2906 3424 La-

574 3459 801 3511 tinorum
824 3457 906 3510 vel
928 3473 1108 3534 eorum
1131 3461 1277 3509 secta
1296 3456 1398 3510 fuit
1419 3457 1509 3526 qui
1532 3473 1652 3509 cum
1674 3457 1932 3511 dominico
1958 3457 2047 3510 diu
2069 3456 2264 3556 pascha
2285 3455 2623 3521 conficerent,
2657 3472 2691 3509 a
2723 3456 2904 3511 catho-

573 3543 687 3597 licis
721 3542 1058 3596 nihilominus
1091 3542 1470 3612 discrepabant.
1518 3541 1652 3596 Nam
1685 3543 1776 3596 alii
1798 3561 1901 3597 xrv.
1933 3543 2084 3607 luna,
2119 3542 2167 3595 si
2197 3542 2254 3595 in
2287 3541 2604 3595 dominicum
2633 3542 2901 3608 incideret,

468 3619 477 3634 ⁸
575 3629 860 3682 celebritati
881 3630 1153 3682 vacabant.
1199 3627 1301 3680 Alii
1320 3628 1532 3682 nonnisi
1554 3628 1759 3681 decima
1779 3634 1933 3681 sexta
1951 3629 2101 3692 luna3
2135 3644 2266 3697 quos
2290 3628 2496 3697 proprie
2518 3627 2734 3697 Latinos
2756 3626 2904 3681 Beda

376 4674 528 4727 pau.

576 3721 632 3768 et
650 3715 908 3769 Victorius
940 3714 1219 3784 appellant.
1279 3713 1511 3777 Quorum
1543 3712 1777 3768 doctrina
1809 3714 2031 3767 breviter
2060 3712 2159 3766 hoc
2190 3713 2306 3766 loco
2339 3712 2649 3767 deciaranda
2678 3713 2900 3768 videtur.

574 3799 879 3855 Latinorum
900 3800 1063 3869 igitur
1084 3800 1212 3852 ritus
1234 3799 1291 3852 in
1313 3799 1625 3868 quibusdam
1647 3816 1767 3852 cum
1784 3798 2146 3852 Alexandrinis
2169 3799 2536 3863 conveniebat,
2558 3798 2615 3852 in
2638 3798 2755 3852 aliis
2776 3815 2903 3853 vero

576 3885 863 3940 differebat.
912 3884 1268 3955 Gongruebat,
1302 3890 1557 3955 quatenus
1587 3901 1697 3938 nen
1726 3885 1827 3938 alio
1860 3884 1943 3937 die
1978 3899 2136 3953 quam
2167 3882 2424 3937 dominico
2456 3883 2653 3955 pascha
2673 3885 2905 3940 celebra-

575 3973 721 4036 bant‚
744 3978 857 4024 tum
875 3971 1015 4040 quod
1031 3985 1298 4040 nunquam
1315 3970 1440 4023 iuna
1458 3988 1581 4034 nv„
1606 3970 1937 4040 quantumvis
1955 3968 2242 4022 dominicus
2259 3969 2315 4021 in
2337 3985 2455 4021 eam
2470 3969 2581 4023 dies
2597 3970 2904 4024 incurreret.

576 4056 863 4111 Differebat
892 4072 1013 4109 vero
1053 4056 1306 4125 primum,
1352 4056 1601 4125 quoniam
1644 4056 1851 4108 illorum
1895 4052 2164 4124 paschales
2209 4054 2516 4107 neomeniae
2561 4070 2624 4108 ac
2668 4055 2904 4109 decimae

577 4147 793 4212 quartae
814 4140 1070 4194 Nicaenas
1102 4142 1518 4205 antevertebant,
1549 4143 1607 4193 in
1639 4141 1796 4209 cyclis
1825 4139 2055 4203 duobus,
2086 4154 2274 4206 nempe
2296 4156 2404 4191 xix.
2428 4145 2482 4191 et
2503 4158 2644 4205 vm„
2665 4142 2763 4211 qui
2783 4141 2902 4194 Ale-

577 4227 847 4281 xandrinis
878 4226 1210 4282 embolimaei
1240 4226 1473 4290 fuerunt,
1507 4225 1707 4278 Latinis
1742 4239 2061 4284 communes.
2129 4222 2536 4291 Respondebant
2563 4226 2706 4279 euim
2742 4227 2904 4296 cyclis

575 4312 880 4367 Latinorum
904 4330 1009 4365 xvi.
1034 4318 1086 4366 et
1107 4331 1157 4367 v.
1204 4311 1507 4365 Latinorum
1530 4310 1696 4362 Nisau
1719 4309 1864 4378 cyclo
1888 4307 2114 4361 Nicaeno
2141 4324 2248 4361 xrx.
2285 4308 2467 4376 quinto
2489 4311 2667 4364 Martii
2699 4313 2901 4365 mensis

576 4398 784 4454 initium
805 4396 1003 4453 habuit.
1052 4397 1209 4467 Cyclo
1244 4403 1418 4449 autem
1450 4401 1633 4448 octavo
1656 4394 1909 4458 Nicaeno,
1942 4393 2244 4446 Latinorum
2277 4393 2485 4462 quinto,
2525 4395 2692 4449 Nisan
2725 4397 2903 4450 Martii

577 4502 649 4537 vr.
673 4483 1017 4552 congruebat,
1048 4483 1137 4552 qui
1171 4481 1280 4534 dies
1309 4486 1457 4533 extra
1478 4478 1774 4548 paschalem
1795 4477 2262 4530 Alexandrinorum
2282 4479 2565 4533 terminum
2587 4483 2902 4536 consistunt.

577 4569 855 4639 Propterea
886 4568 943 4621 in
970 4569 1123 4620 annis
1142 4567 1248 4622 illis
1269 4565 1441 4619 Latini
1463 4580 1567 4617 uno
1591 4580 1770 4617 mense
1793 4562 1987 4632 pascha
2006 4561 2292 4617 Nicaenum
2315 4564 2687 4635 anticipabant.
2733 4566 2902 4637 Igitur

576 4653 882 4710 neomeniae
902 4651 1174 4723 paschales
1193 4650 1496 4706 Latinorum
1520 4663 1554 4701 a
1574 4667 1625 4702 v.
1647 4648 1825 4704 Martii
1846 4647 1912 4701 ad
1931 4667 1989 4705 ιι.
2008 4648 2199 4719 Aprilis
2219 4665 2409 4703 novem
2431 4654 2485 4703 et
2504 4650 2696 4720 viginti
2715 4652 2904 4708 diebus
