3185 5219
2343 378 2614 436 CLXXIX

288 536 425 596 νοιῶς
442 533 730 601 duntaxat,
752 551 861 589 non
878 533 1088 605 politico
1110 549 1237 598 usu;
1261 532 1548 586 secundum
1567 549 1746 602 quem,
1771 532 1817 586 si
1838 533 2011 586 minor
2027 532 2109 587 hic
2134 534 2311 603 cyclus
2336 541 2618 607 usurpatus

282 620 463 685 fuerit,
494 618 659 673 horae
689 621 811 674 illae
833 639 905 676 iv.
929 618 1241 690 appendices
1265 618 1319 672 in
1342 618 1502 672 finem
1526 619 1660 687 cycli
1682 619 1903 672 reiectae
1928 624 2066 671 sunt.
2134 619 2317 690 Itaque
2349 638 2468 676 cum
2501 629 2621 692 post

288 706 487 773 cyclum
510 707 749 760 lunarem
771 723 861 760 xrv
885 721 1165 770 annorum,
1199 704 1262 757 de
1296 705 1422 758 solis
1444 704 1735 757 rationibus
1772 705 2000 774 quinque
2025 703 2162 771 dies,
2198 704 2356 760 horae
2389 713 2505 762 octo
2541 725 2618 762 re-

282 791 454 861 liquae
476 791 677 857 forent,
709 792 939 863 quinque
971 791 1079 845 dies
1104 791 1362 846 duntaxat
1384 806 1660 861 superesse
1684 790 1786 844 sibi
1807 796 2200 860 persuaserant3
2235 792 2422 861 quibus
2455 809 2619 846 reser-

282 878 415 930 vatis
430 885 554 948 post
570 879 747 947 cyclos
769 877 996 932 minores
1020 881 1229 932 sextum
1253 892 1489 930 mensem
1512 874 1738 928 solidum
1761 877 2154 933 intercalabant.
2188 876 2269 930 Ita
2290 877 2400 931 dies
2423 877 2622 933 fiebant

284 960 468 1018 30679.
513 961 749 1027 Quorum
774 961 1053 1034 οἰκονομίαν
1076 967 1235 1034 typus
1257 963 1345 1016 ille
1368 967 1525 1015 antea
1549 963 1847 1032 propositus
1873 962 2114 1017 ostendit.

318 1105 331 1116 ,
417 1049 597 1103 Altera
617 1050 774 1104 ratio:
810 1050 857 1104 si
890 1049 1119 1120 quinque
1143 1049 1252 1102 dies
1276 1048 1429 1102 solidi
1452 1065 1521 1102 ex
1543 1047 1686 1101 horis
1711 1053 1826 1101 octo
1850 1045 2064 1102 conflati
2085 1067 2176 1104 nv
2199 1049 2350 1102 annis
2374 1065 2618 1119 arrogen-

285 1138 380 1187 tur.
418 1133 565 1198 Quae
587 1136 767 1190 omnia
783 1135 1058 1204 diligenter
1078 1133 1243 1189 habes
1266 1134 1528 1205 explicata
1550 1133 1806 1204 superius.
1841 1132 1942 1187 Ubi
1966 1139 2019 1187 et
2039 1150 2108 1188 ex
2130 1139 2352 1204 utraque
2373 1133 2618 1189 methodo

282 1217 562 1291 Epiphanii
581 1222 745 1274 verba
767 1222 1105 1276 correximus.

418 1305 524 1358 Τοῦ
549 1300 891 1376 ὄγδοηκοστοΰ
916 1302 1149 1375 τετάρτου
1174 1302 1350 1373 ἔτους]
1419 1305 1658 1359 Mensem
1687 1305 1837 1360 illum
1873 1305 2212 1360 embolimum
2245 1325 2390 1361 xxxx.
2415 1322 2535 1360 cum
2565 1307 2621 1359 in
2670 1328 2715 1369 p.
2732 1315 2820 1361 202.

282 1389 386 1444 fine
408 1408 630 1446 mxxv.
657 1392 783 1445 anni
803 1390 1100 1446 intercalari
1123 1390 1382 1455 debuerit,
1412 1391 1468 1444 in
1499 1391 1767 1460 sequentis
1791 1392 1928 1460 cycli
1946 1392 2176 1463 primum
2214 1409 2411 1446 annum
2440 1393 2625 1447 coniici

285 1475 433 1530 docet
454 1475 796 1547 Epiphanius.
858 1478 1019 1547 Atqui
1050 1476 1537 1530 tesseracaedecaet.
1560 1481 1857 1547 postremus
1891 1493 2061 1531 annus
2081 1479 2290 1549 proprio
2311 1480 2420 1532 iam
2443 1479 2620 1533 embo-

282 1561 405 1615 limo
427 1562 697 1633 praeditus
722 1570 816 1616 est.
878 1563 995 1615 Duo
1020 1563 1181 1632 igitur
1204 1561 1534 1616 embolimaei
1557 1579 1674 1615 sese
1695 1562 1936 1632 proxime
1959 1570 2257 1633 sequentur.
2322 1564 2472 1629 Quod
2495 1565 2620 1619 olim

282 1646 478 1702 iactum
504 1664 619 1701 esse
632 1648 993 1703 Hebraeorum
1018 1647 1253 1701 doctores
1277 1653 1534 1701 asserunt.
1581 1648 1694 1702 Imo
1718 1665 1842 1702 vero
1875 1665 2082 1702 menses
2105 1650 2206 1719 ipsi
2227 1650 2493 1704 embolimi
2516 1649 2618 1703 duo

282 1733 436 1788 simul
457 1735 876 1799 inculcabuntur,
901 1739 1155 1803 eruntque
1180 1734 1281 1786 tria
1296 1732 1524 1786 Adarim.
1559 1732 1665 1786 Sed
1687 1735 1870 1787 tertius
1895 1734 2021 1786 anni
2043 1753 2238 1790 nxxxv.
2263 1736 2473 1790 initium
2498 1736 2618 1799 erit;

282 1835 347 1876 ne
370 1820 419 1876 si
441 1819 607 1874 Nisan
638 1837 732 1892 pro
756 1820 896 1873 Adar
927 1819 1290 1883 substituatur,
1323 1818 1522 1890 epocha
1551 1819 1734 1876 relicta
1763 1820 2042 1874 neomenia
2070 1821 2126 1874 in
2159 1822 2418 1875 anteriora
2445 1822 2619 1875 laxius

283 1911 550 1976 evagetur.
618 1906 696 1960 De
728 1905 928 1960 duobus
963 1905 1322 1960 embolimaeis
1352 1905 1594 1975 proxime
1635 1906 2076 1975 consequentibus
2115 1906 2307 1960 fatetur
2338 1907 2620 1978 Keplerus3

281 1992 567 2060 posterius,
592 1991 655 2044 de
676 1992 844 2046 tribus
865 1991 1077 2046 Adarim
1100 1990 1256 2046 obiici
1276 1996 1466 2061 potest.
1502 1989 1609 2043 Sed
1631 1998 1908 2061 utrumque
1931 2009 2000 2045 ex
2021 1993 2269 2047 laterculo
2294 1999 2345 2046 et
2367 1993 2623 2063 superiori

283 2075 631 2148 disputatione
655 2077 1072 2130 commodissime
1096 2077 1410 2131 dissolvitur.
1451 2076 1587 2130 Nam
1611 2077 1752 2129 aliud
1776 2083 1858 2130 est
1881 2077 2455 2132 tessaresdecaeteridas
2479 2095 2620 2132 seor-

282 2163 381 2216 sim
405 2179 471 2216 ao
493 2167 763 2233 separatas
784 2163 1001 2226 intueri,
1026 2161 1168 2216 aliud
1190 2163 1247 2216 in
1268 2163 1465 2216 maiore
1489 2164 1637 2232 cyclo
1663 2169 1811 2233 aptas
1836 2163 2060 2216 invicem
2095 2168 2150 2216 et
2172 2170 2456 2218 consertas.
2521 2164 2618 2217 Mi-

282 2264 435 2302 nores
459 2249 593 2318 cycli
615 2248 815 2319 singuli
833 2263 924 2318 per
946 2264 1062 2301 sese
1087 2266 1118 2298 v
1141 2265 1349 2302 menses
1374 2247 1684 2302 embolimus
1709 2249 1765 2302 in
1787 2266 1868 2304 111.
1895 2267 1963 2302 vr.
1985 2267 2097 2304 vm.
2122 2267 2196 2306 xi.
2220 2267 2330 2304 xiv.
2354 2250 2503 2304 annis
2527 2267 2618 2320 po·
2693 2238 2700 2244 ’

283 2334 504 2399 stulant3
536 2334 629 2388 sed
657 2336 715 2388 in
745 2334 996 2388 continua
1029 2334 1163 2386 serie
1194 2339 1249 2386 et
1279 2334 1332 2385 in
1360 2333 1559 2387 maiore
1583 2335 1727 2403 cyclo
1753 2351 1860 2386 non
1883 2349 2088 2403 semper
2111 2352 2218 2388 xiv.
2244 2336 2618 2390 embolimaeus

282 2427 378 2476 est.
449 2419 599 2474 Unde
620 2435 791 2490 neque
814 2419 944 2474 duos
967 2420 1181 2474 Adarim
1203 2419 1387 2488 exigit.
1458 2419 1760 2473 Postremus
1783 2434 1904 2473 vero
1929 2420 2100 2474 ultimi
2133 2421 2268 2489 cycli
2300 2437 2494 2487 annus,
2529 2421 2620 2492 qui

282 2511 365 2559 est
402 2523 642 2571 nxxxnn,
681 2505 819 2558 Adar
851 2503 1060 2575 quidem
1092 2506 1313 2558 alterum
1346 2504 1450 2560 sibi
1480 2504 1744 2569 vendicat3
1785 2522 1847 2558 eo
1887 2505 2026 2575 quod
2059 2507 2256 2560 mensis
2290 2507 2340 2560 ei
2372 2524 2516 2560 1111.
2550 2523 2618 2560 ex

282 2592 479 2662 epactis
502 2592 767 2661 cyclorum
789 2591 1059 2655 accrescit,
1081 2589 1401 2661 proindeque
1426 2608 1479 2644 vr
1501 2591 1874 2645 embolimaeos
1898 2589 2087 2644 habere
2111 2591 2287 2658 debet,
2311 2598 2373 2646 ut
2394 2609 2511 2646 cum
2533 2611 2617 2647 so·

282 2676 379 2730 lari
409 2693 550 2731 anno
586 2685 848 2747 utcunque
881 2677 1079 2729 lunaris
1114 2676 1448 2745 adaequetur.
1496 2677 1692 2729 Verum
1723 2682 1873 2729 autor
1896 2682 1978 2729 est
1997 2676 2320 2747 Epiphanius
2343 2679 2400 2731 in
2422 2697 2614 2734 cxxxv.

284 2777 481 2817 annum
502 2779 739 2817 mensem
760 2763 911 2816 illum
933 2778 1050 2815 esse
1074 2761 1318 2825 dilatum3
1344 2761 1433 2830 qui
1456 2778 1575 2815 cum
1599 2776 1776 2814 revera
1799 2762 1870 2817 sit
1890 2761 2045 2827 Adur,
2070 2762 2232 2815 Nisau
2255 2779 2288 2815 a
2309 2763 2536 2828 Iudaeis,
2559 2769 2620 2818 ut

287 2849 484 2920 opinor,
516 2856 598 2903 est
616 2848 805 2903 factus.
848 2848 975 2903 Inde
998 2846 1220 2911 accedit,
1249 2852 1310 2899 ut
1331 2844 1584 2916 epocham
1608 2847 1731 2899 anni
1753 2847 1839 2899 sui
1861 2849 2258 2913 anteverterint,
2284 2856 2336 2903 et
2357 2850 2413 2902 in
2437 2848 2616 2902 eodem
2645 2866 2650 2871 ¹

285 2952 422 2988 anno
446 2935 528 2989 bis
549 2933 745 3005 pascha
766 2933 1151 2988 celebraverint.
1199 2931 1347 2996 Quod
1374 2932 1629 2983 uberrime
1652 2936 1805 2985 antea
1828 2931 2146 2985 declaratum
2169 2938 2264 2986 est.

418 3020 485 3075 Οἵ
502 3038 622 3081 τινες
646 3019 857 3090 ὤφειλον
881 3014 1038 3087 εἶναψ]
1106 3018 1356 3073 Mendum
1387 3015 1473 3070 hic
1504 3034 1619 3070 esse
1652 3023 1706 3070 et
1739 3016 1948 3088 quidem
1971 3016 2166 3087 duplex
2199 3019 2469 3088 superiora
2488 3022 2616 3074 satis

288 3107 578 3163 ostendunt.
621 3106 853 3161 Primum
876 3104 1136 3177 τριάκοντα
1160 3107 1300 3175 μῆνες
1325 3102 1628 3174 legendum,
1661 3121 1768 3157 non
1792 3102 2116 3173 τριακονταεῖς
2142 3104 2253 3174 μήν.
2301 3105 2497 3161 Deinde
2519 3106 2615 3160 fal-

288 3209 403 3247 sum
425 3200 507 3246 est
529 3208 690 3262 supra
712 3209 819 3245 xxx
843 3207 1051 3245 menses
1073 3191 1300 3260 reliquos
1326 3206 1439 3243 esse
1465 3189 1574 3245 dies
1599 3207 1742 3245 xxn‘.
1774 3189 1931 3243 horas
1955 3207 2026 3243 vr.
2069 3191 2283 3260 Alioqui
2305 3207 2372 3245 ex
2396 3198 2614 3247 tessara-

288 3277 478 3332 deoaet.
509 3277 713 3331 1uliana
743 3278 944 3331 dierum
965 3275 1116 3330 5113.
1155 3275 1242 3342 12,
1283 3275 1507 3345 relinqui
1535 3276 1895 3329 tantummodo
1932 3276 2043 3329 dies
2077 3283 2339 3348 oporteret
2376 3284 2614 3348 quatuor,

286 3361 467 3417 horam
488 3378 649 3416 unam
662 3402 675 3428 ,
701 3369 941 3432 essetque
956 3362 1154 3415 lunaris
1175 3362 1572 3415 tessaradecaet.
1594 3361 1793 3415 dierum
1809 3361 1961 3417 5109.
1987 3363 2082 3427 11.,
2105 3364 2353 3433 syzygiae
2375 3365 2616 3435 singulae

288 3447 366 3502 29.
394 3448 474 3502 12.
498 3448 609 3501 49¹.
633 3446 916 3517 35¹²⁵sm''.
986 3449 1093 3500 Aut
1123 3448 1169 3500 si
1203 3447 1266 3500 de
1290 3466 1397 3501 xiv.
1413 3447 1631 3501 Iulianis
1663 3449 1812 3502 annis
1844 3448 2142 3501 eximantur
2174 3448 2330 3502 horae
2365 3449 2522 3519 duae,
2556 3457 2617 3505 ut

287 3534 389 3589 sint
410 3534 521 3587 dies
544 3532 697 3587 5113.
729 3533 822 3599 10.,
856 3532 1273 3598 ῐοεοαῐαάοοοὸῐ.,
1307 3534 1516 3587 lunares
1548 3534 1788 3603 singulae
1824 3533 1933 3585 dies
1967 3531 2236 3587 habebunt
2255 3534 2406 3589 5109.
2432 3536 2497 3600 9.,
2529 3552 2612 3604 sy-

287 3622 473 3692 zygiae
497 3619 580 3675 29.
612 3618 689 3673 12.
710 3617 820 3673 48'.
844 3617 1104 3687 &wll-1⁸¹¹.
1154 3617 1302 3682 Quod
1325 3635 1426 3689 ego
1450 3635 1630 3673 verum
1653 3636 1759 3672 non
1782 3618 2018 3671 arbitror.
2065 3617 2410 3689 Corrigendus
2439 3622 2615 3690 itaque

282 3706 562 3779 Epiphanii
591 3710 685 3759 aut
711 3704 907 3759 librarii
939 3705 1106 3773 ipsius
1140 3720 1296 3769 error,
1328 3711 1382 3757 et
1401 3706 1486 3757 vel
1520 3703 1670 3756 εἴκοσι
1694 3699 1827 3755 ὀκτὼ
1851 3702 2053 3774 ἡμέραι,
2084 3705 2168 3758 vel
2199 3704 2350 3759 εἴκοσι
2373 3701 2507 3758 ὀκτὼ
2531 3704 2612 3763 ml

284 3784 408 3862 ὧραι
429 3794 558 3862 τρεῖς
581 3789 817 3845 hocloco
840 3790 1186 3844 scribendum.
1234 3789 1363 3843 Vide
1389 3805 1523 3859 quae
1546 3796 1702 3841 antea
1724 3787 1970 3841 diximus.

414 3877 481 3932 N.
504 3893 670 3931 xxm.
716 3872 914 3929 Ἕνεκεν
936 3875 1095 3928 τοίνυν
1120 3874 1335 3944 τούτου]
1405 3874 1520 3928 Non
1556 3874 1682 3927 illud
1718 3873 2008 3943 significat,
2041 3875 2180 3944 quod
2214 3877 2491 3930 arbitratur
2511 3873 2610 3928 Ke-

283 3962 457 4035 plerus
491 3969 547 4016 et
578 3962 717 4033 quod
734 3963 903 4033 prima
923 3962 1097 4032 specie
1118 3961 1250 4013 velle
1267 3958 1491 4023 videtur,
1524 3975 1591 4011 ex
1616 3958 1770 4013 huius
1796 3959 1929 4028 cycli
1950 3962 2204 4029 pravitate
2223 3960 2379 4014 biduo
2396 3960 2609 4013 Iudaeo-

282 4062 401 4104 rum
414 4046 615 4120 pascha
628 4048 922 4119 legitimum
936 4054 1147 4117 tempus
1176 4045 1546 4109 antecessisse3
1581 4046 1730 4114 qussi
1753 4044 1898 4098 bidui
1919 4051 2124 4099 tantum
2149 4046 2417 4115 προήγησις
2438 4062 2472 4097 a
2488 4059 2610 4098 vera

284 4152 390 4190 xiv.
410 4135 556 4189 facta
587 4134 678 4197 sit,
712 4132 1020 4187 Pharisaeos
1043 4148 1165 4185 vero
1199 4130 1301 4184 diei
1332 4131 1486 4184 unius
1519 4127 1775 4199 ὑπερβάσει
1806 4131 2093 4185 constituta
2122 4148 2226 4185 uno
2250 4132 2332 4183 die
2356 4129 2610 4184 duntaxat

285 4221 595 4292 anticipasse
610 4257 625 4285 ,
647 4235 766 4273 cum
789 4218 947 4272 biduo
970 4218 1135 4273 solido
1161 4215 1392 4271 Christus
1416 4216 1698 4271 Nicaenam
1721 4234 1829 4271 xiv.
1852 4217 2200 4270 anteverterit.
2269 4214 2403 4267 Nam
2425 4214 2608 4269 eodem

286 4324 441 4362 sensu
461 4306 701 4362 hocloco
725 4304 858 4358 dixit
875 4303 1095 4358 Iudaeos
1117 4302 1383 4375 προλαβεῖν
1405 4300 1587 4371 ἡμέρας
1614 4301 1725 4371 δύο,
1757 4320 1859 4373 quo
1884 4301 2148 4372 superiore
2170 4315 2407 4363 numero,
2444 4296 2606 4370 Ἔφα-

288 4410 374 4463 γον
397 4393 454 4445 τὸ
478 4390 656 4463 πάσχα
676 4391 773 4464 πρὸ
799 4391 888 4444 δύο
910 4388 1106 4460 ἧμιρῶν
1131 4392 1218 4441 τοῦ
1242 4391 1428 4458 φαγεῖν.
1484 4388 1553 4439 At
1574 4387 1679 4440 illic
1701 4388 1843 4441 bidui
1865 4384 2164 4455 anticipatio
2187 4400 2517 4454 nequaquam
2540 4385 2607 4439 ad

289 4477 573 4533 Nicaeum
596 4494 720 4540 ιη,
744 4477 836 4531 sed
857 4476 923 4531 ad
945 4474 1213 4530 Iudaicam
1233 4475 1583 4542 vitiosamque
1607 4479 1952 4543 comparatur,
1977 4486 2111 4541 quae
2136 4485 2256 4523 cum
2276 4471 2331 4523 in
2354 4470 2538 4526 feriam
2554 4490 2605 4526 v.

290 4563 465 4618 Martii
486 4580 599 4618 m.
621 4562 893 4627 incideret,
918 4561 1153 4616 Christus
1176 4576 1293 4613 cum
1310 4559 1614 4613 Iudaeorum
1638 4560 1793 4629 vulgo
1817 4557 1945 4611 feria
1959 4573 2042 4611 111.
2065 4556 2243 4610 Martii
2263 4574 2390 4615 xm.
2413 4556 2607 4630 pascha

290 4649 582 4705 celebravit.
648 4648 821 4712 Quare
850 4662 1021 4719 neque
1052 4645 1155 4701 hec
1185 4645 1302 4701 loco
1327 4644 1417 4698 δύο
1437 4641 1621 4714 ἡμέρας
1645 4642 1927 4715 προῦλαβον.
1948 4640 2234 4698 Nicaenam
2256 4661 2380 4711 xxv„
2411 4644 2505 4701 sed
2537 4659 2606 4701 ex

2109 4746 2202 4804 M.

940 4938 971 4977 Ο
