3185 5219
2382 386 2592 443 CXLIII

392 544 469 596 Ac
504 542 736 614 primum
767 542 1167 598 absentissimus
1198 541 1286 596 ille
1316 541 1626 596 Iudaeorum
1661 542 1835 612 cyclus
1870 542 2212 612 exponendus
2235 541 2453 608 videtur,
2488 559 2591 613 quo

265 628 470 699 cognito
496 645 633 698 quae
656 628 727 681 sit
750 626 1026 699 Epiphanii
1050 628 1113 682 de
1136 628 1382 699 passione
1405 626 1596 681 Christi
1617 628 1877 681 sententia
1897 627 2103 682 facilius
2127 643 2483 697 assequemur.

391 714 592 768 Iudaici
624 713 758 784 cycli
769 743 791 777 ,ι
820 730 923 784 quo
948 712 1140 768 Christi
1163 714 1363 768 domini
1382 718 1619 784 tempore
1641 730 1766 767 usos
1799 729 1914 768 esse
1947 719 2100 783 putat
2119 712 2467 784 Epiphanius,
2502 731 2594 768 ex-

260 798 485 871 plicandi
512 798 640 860 finis
674 815 735 852 ac
770 815 961 870 scopus
996 806 1104 866 est,
1141 806 1201 853 ut
1234 804 1480 871 appareat
1500 798 1720 853 Iudaeos
1745 815 1881 852 anno
1905 799 2020 869 ipso
2043 799 2306 869 passionis
2329 800 2486 853 biduo
2509 801 2596 854 vel

261 885 415 938 etiam
436 884 612 959 triduo
636 901 669 937 a
691 886 849 940 lunae
872 885 1159 939 ratiociniis
1185 887 1475 940 aberrasse.
1524 884 1739 954 Cyclum
1773 901 1927 954 porro
1961 884 2037 937 ita
2067 885 2175 938 fere
2205 884 2465 939 describit.
2509 884 2594 938 Iu-

261 970 417 1024 daeos
441 971 631 1024 asserit
651 972 889 1025 lunarem
912 987 1111 1025 annum
1135 972 1465 1025 constituisse
1489 970 1690 1024 dierum
1711 968 1838 1034 354,
1869 968 2114 1024 horarum
2137 969 2194 1035 8,
2225 985 2360 1040 quae
2383 970 2595 1040 quidem

258 1055 417 1109 horae
439 1058 607 1110 tribus
631 1057 783 1110 annis
808 1056 943 1110 diem
970 1057 1265 1111 conficiunt.
1312 1057 1393 1110 Ad
1413 1056 1543 1110 haec
1568 1056 1624 1108 in
1653 1056 1804 1108 annis
1829 1073 1918 1109 xrv
1942 1055 2172 1126 quinque
2195 1072 2404 1110 menses
2436 1057 2593 1110 inter-

258 1143 443 1207 calari,
478 1143 727 1212 quoniam
758 1159 788 1196 e
819 1144 945 1196 solis
980 1160 1162 1208 cursu,
1196 1144 1287 1214 qui
1310 1149 1389 1196 est
1413 1142 1615 1196 dierum
1637 1140 1755 1196 365.
1778 1140 1890 1195 hor.
1910 1141 1967 1207 6,
1998 1140 2179 1195 horam
2210 1157 2370 1196 unam
2393 1157 2593 1211 expun-

258 1233 411 1296 gunt.
442 1226 579 1280 Nam
602 1228 649 1282 si
666 1227 821 1283 horas
839 1229 1089 1282 adieceris
1104 1268 1117 1293 ,
1142 1229 1413 1282 restabunt
1429 1228 1528 1281 365
1549 1228 1660 1281 dies
1679 1225 1813 1296 παρὰ
1831 1226 1965 1297 ὥραν
1986 1227 2116 1297 μίαν.
2152 1226 2299 1281 Unde
2321 1227 2398 1280 illi
2420 1227 2593 1280 sexies

258 1313 618 1383 multiplicatis
644 1314 1033 1384 quatuordecim
1057 1315 1232 1380 annis,
1257 1331 1495 1367 mensem
1518 1330 1684 1367 unum
1708 1313 2065 1383 octuagesimo
2085 1319 2270 1383 quarto
2287 1313 2597 1366 intercalant

260 1414 423 1463 anno;
449 1399 579 1452 adeo
606 1405 665 1452 ut
686 1399 743 1453 in
766 1405 933 1454 totum
958 1418 1087 1454 xxxi
1105 1417 1312 1453 menses
1336 1401 1391 1452 in
1414 1416 1584 1453 annos
1605 1417 1780 1452 cxxxv
1803 1399 2140 1469 imputentur,
2164 1414 2284 1452 cum
2303 1405 2445 1452 recta
2460 1398 2592 1452 ratio

258 1501 389 1538 xxxi
410 1500 621 1538 menses
645 1492 697 1538 et
717 1485 826 1539 dies
846 1504 989 1551 xxrv,
1013 1503 1133 1539 cum
1156 1485 1297 1539 horis
1313 1485 1347 1538 3
1369 1487 1613 1556 requirat.
1665 1484 1806 1537 Haec
1829 1483 2176 1554 Epiphanius,
2199 1501 2228 1537 e
2253 1484 2441 1555 quibus
2463 1500 2594 1539 nou·

260 1570 416 1623 nullis
440 1571 728 1625 emendatis
740 1610 755 1635 ‚
779 1588 914 1641 quae
931 1572 1241 1640 singillatim
1260 1573 1604 1636 excutientur,
1627 1570 1762 1624 hanc
1779 1570 1913 1640 cycli
1930 1568 2152 1623 formam
2169 1569 2418 1640 Keplerus
2441 1570 2591 1625 eruit.

392 1656 604 1728 Duplex
626 1657 765 1728 apud
788 1657 1007 1710 Iudaeos
1029 1658 1228 1711 lunaris
1252 1657 1377 1711 olim
1400 1658 1577 1726 cyclus
1601 1657 1801 1719 extitit,
1825 1656 1956 1708 alter
1973 1673 2079 1709 xrv.
2104 1671 2386 1720 annorum,
2406 1656 2593 1720 minor,

158 1745 171 1750 “
262 1741 391 1794 alter
412 1760 643 1806 nxxxrv3
677 1749 892 1814 uterque
917 1743 1268 1814 septenarius,
1299 1743 1449 1796 cuius
1471 1743 1678 1796 numeri
1698 1747 1908 1812 propter
1930 1740 2228 1794 sabbaticos
2249 1757 2415 1794 annos
2438 1742 2592 1794 ratio-

261 1843 381 1881 nem
403 1828 647 1881 videntur
676 1826 940 1881 habuisse.
1002 1828 1510 1882 Tessatadecaeteris
1544 1844 1612 1881 ex
1645 1828 1852 1880 illorum
1885 1827 2122 1881 instituto
2157 1827 2402 1897 syzygias
2434 1824 2595 1880 habet

263 1912 520 1983 integras,
555 1913 648 1967 sed
681 1913 819 1966 infra
851 1914 1038 1967 solaris
1060 1915 1183 1968 anni
1208 1913 1420 1967 modum
1445 1914 1700 1967 consistit.
1768 1913 1895 1966 Post
1917 1931 1970 1966 vr
2004 1912 2214 1966 demum
2245 1912 2593 1966 tessaradeca-

262 1998 483 2052 eteridas
507 2001 663 2054 ambo
686 2000 743 2053 in
765 1999 1094 2053 concordiam
1119 2000 1244 2053 anni
1266 2005 1529 2069 utcunque
1552 1999 1788 2053 redeunt.
1859 1998 1981 2051 Dixi
2013 1998 2247 2052 lunarem
2281 2014 2480 2052 annum
2505 1998 2592 2053 de·

264 2083 403 2138 finiri
428 2084 612 2139 diebus
635 2084 760 2149 354,
793 2082 903 2138 hor.
928 2084 979 2139 8.
1027 2084 1173 2149 Quae
1205 2085 1253 2138 si
1285 2091 1466 2155 quater
1490 2091 1543 2138 et
1565 2084 1736 2137 decies
1760 2084 2183 2154 multiplicentur,
2214 2084 2325 2138 dies
2358 2083 2594 2138 efficiunt

263 2169 425 2236 4956,
447 2168 603 2224 horas
632 2170 751 2235 112,
776 2170 887 2224 sive
910 2169 1021 2224 dies
1044 2171 1104 2235 4,
1136 2170 1247 2225 hor.
1273 2171 1361 2236 16,
1384 2169 1483 2224 hoc
1507 2177 1588 2224 est
1610 2170 1720 2223 dies
1743 2168 1851 2223 fere
1874 2168 1925 2224 5.
1973 2169 2239 2224 Accedunt
2257 2170 2589 2224 intercalares

266 2271 473 2309 menses
491 2257 747 2327 quinque,
772 2255 973 2311 dierum
997 2256 1193 2327 singuli
1211 2257 1295 2322 29,
1314 2254 1426 2310 hor.
1452 2256 1529 2311 12.
1562 2256 1631 2309 Hi
1653 2255 1763 2308 dies
1786 2255 1880 2308 147
1904 2270 2025 2308 cum
2047 2253 2188 2309 horis
2211 2254 2272 2308 12
2293 2255 2591 2310 conficiunt.

266 2339 347 2394 Ex
368 2342 561 2411 quibus
585 2358 791 2396 summa
814 2340 1071 2396 conflatur
1093 2342 1295 2396 dierum
1315 2341 1475 2407 5103,
1508 2340 1618 2396 hor.
1644 2341 1719 2394 12.
1788 2340 2057 2394 Postremo
2089 2341 2137 2394 si
2161 2340 2257 2393 112
2287 2341 2405 2395 illas
2435 2340 2590 2397 horas

262 2426 502 2492 adiicias,
529 2428 639 2481 sive
661 2427 773 2482 dies
794 2429 853 2493 4,
878 2426 985 2482 hor.
1011 2427 1100 2493 16,
1125 2428 1443 2498 colliguntur
1465 2427 1575 2480 dies
1600 2426 1759 2491 5108,
1783 2424 1894 2480 hor.
1914 2426 1964 2479 4.
2009 2425 2051 2478 E
2076 2426 2265 2496 quibus
2293 2426 2355 2480 13
2377 2427 2590 2482 Iulianis

261 2514 411 2566 annis
431 2512 692 2578 deductis,
718 2514 808 2584 qui
826 2522 949 2567 sunt
967 2513 1076 2567 dies
1093 2512 1253 2578 4748,
1275 2511 1387 2569 hor.
1408 2513 1463 2578 6,
1487 2517 1797 2612 supererunt
1812 2511 1940 2575 359,
1964 2510 2073 2565 hor.
2095 2511 2188 2577 22,
2210 2513 2322 2566 sive
2341 2511 2445 2566 360
2460 2512 2589 2579 dies,

262 2615 364 2653 una
386 2596 519 2653 hora
540 2600 732 2656 minus.
803 2599 951 2665 Quod
984 2599 1029 2654 si
1061 2600 1293 2671 praecise
1316 2599 1426 2653 dies
1451 2599 1681 2670 quinque
1703 2598 1758 2652 in
1783 2598 1936 2652 annis
1960 2617 2049 2653 xiv
2072 2597 2454 2665 intercalentur,
2485 2598 2590 2670 pri-

261 2702 407 2739 mum
426 2686 566 2755 quod
589 2686 666 2739 ait
680 2684 1030 2757 Epiphanius,
1054 2686 1205 2740 tertio
1225 2701 1432 2755 quoque
1456 2702 1596 2738 enno
1615 2684 1752 2739 diem
1777 2684 1953 2748 adiici,
1976 2683 2031 2736 id
2052 2683 2117 2737 de
2137 2684 2321 2754 primis
2344 2702 2422 2739 ιιι
2439 2685 2590 2739 aunis

261 2771 657 2842 intelligendum
680 2772 803 2836 erit,
838 2778 895 2825 at
927 2772 1127 2826 decimo
1160 2771 1314 2825 tertio
1348 2777 1402 2824 et
1428 2776 1614 2840 quarto
1637 2770 1789 2823 annis
1812 2769 1922 2823 dies
1946 2785 2083 2822 unus
2106 2774 2391 2839 competet,
2423 2770 2499 2823 ita
2533 2777 2592 2823 ut

262 2858 385 2911 anni
406 2875 499 2911 xrv
531 2857 641 2911 dies
674 2857 915 2912 auferant
933 2857 1093 2922 5108,
1125 2856 1236 2911 hor.
1262 2857 1340 2909 12.
1365 2873 1394 2910 e
1419 2856 1609 2925 quibus
1643 2855 1829 2908 ablatis
1862 2854 2014 2908 annis
2046 2870 2144 2909 xm
2176 2855 2446 2908 restabunt
2471 2854 2590 2922 360,

260 2940 371 2998 1ιοι·.
397 2942 447 2998 6.
497 2943 693 2997 Verum
716 2943 964 3014 quoniam
988 2943 1174 2997 ultimo
1195 2942 1286 2996 illo
1320 2958 1458 2995 anno
1493 2940 1652 2995 horae
1687 2940 1819 2994 duae
1851 2936 2090 2993 subtrahi
2122 2938 2335 3004 debent,
2369 2946 2589 2993 tessara-

260 3027 545 3081 decaeteris
569 3028 752 3083 diebus
776 3029 1039 3083 constabit
1058 3027 1219 3092 5108,
1242 3026 1355 3081 hor.
1379 3027 1464 3092 10,
1490 3027 1552 3081 de
1576 3026 1766 3098 quibus
1789 3025 2006 3079 detracti
2028 3026 2154 3078 anni
2172 3043 2270 3079 xm
2290 3025 2592 3096 relinquunt

261 3113 369 3167 dies
392 3112 523 3178 360,
548 3114 659 3167 hor.
675 3114 727 3168 4.
775 3114 888 3168 lam
910 3130 1033 3168 vero
1058 3114 1184 3167 anni
1206 3113 1395 3167 Iuliani
1418 3131 1508 3166 xrv
1532 3112 1642 3166 dies
1664 3111 1862 3165 habent
1881 3109 2043 3175 5113,
2070 3109 2186 3166 hor.
2211 3110 2289 3164 12.
2333 3111 2375 3164 E
2398 3112 2589 3181 quibus

260 3199 508 3253 detractis
531 3198 683 3264 5108,
712 3200 790 3265 10,
814 3200 1001 3270 reliqui
1024 3205 1149 3254 sunt
1171 3199 1282 3252 dies
1299 3198 1350 3264 5,
1374 3198 1422 3251 2.
1458 3197 1565 3252 Sed
1588 3198 1777 3252 ablatis
1800 3197 2003 3251 duabus
2023 3197 2126 3251 illis
2146 3194 2290 3251 horis
2313 3197 2591 3252 discrimen

258 3285 815 3340 tesnradecaeteridos
832 3286 1031 3340 lunaris
1049 3290 1101 3339 et
1117 3286 1302 3339 solaris
1320 3284 1610 3338 estdierum
1629 3284 1876 3355 quinque,
1896 3283 1986 3354 qui
2003 3299 2032 3336 e
2049 3283 2211 3352 cyclis
2229 3283 2369 3339 senis
2387 3284 2592 3339 collecti

258 3378 379 3443 post
398 3371 469 3424 84
491 3387 660 3424 annos
684 3371 794 3425 dies
818 3372 1081 3442 relinqunt
1102 3371 1194 3437 30,
1216 3371 1308 3442 qui
1328 3371 1477 3424 initio
1502 3370 1629 3425 anni
1652 3370 1718 3423 85
1738 3370 2125 3425 intercalantur.
2177 3368 2348 3433 Quare
2367 3375 2590 3425 maara-

260 3456 547 3511 decaeteris
569 3455 774 3511 Iuliana
797 3457 978 3511 diebus
1002 3462 1207 3511 constat
1227 3456 1385 3522 5113,
1410 3455 1520 3510 hor.
1544 3456 1634 3521 10,
1657 3456 1854 3510 lunaris
1876 3471 2000 3510 vero
2022 3454 2180 3521 5108,
2210 3454 2286 3508 10.
2356 3455 2501 3520 Quae
2533 3457 2591 3511 in

258 3543 397 3597 civili
420 3559 522 3596 usu
543 3543 620 3596 ita
640 3542 1022 3614 dispensantur.
1064 3542 1237 3597 Prima
1259 3541 1746 3599 tessaradecaeteris
1767 3541 1875 3595 dies
1897 3539 2056 3595 habet
2075 3540 2235 3606 5109,
2258 3547 2312 3595 et
2331 3542 2397 3596 de
2417 3548 2590 3613 poste-

258 3630 379 3682 riori
402 3628 799 3699 quatuordecim
822 3627 977 3682 horas
1000 3628 1243 3699 decerpit.
1312 3628 1554 3682 Secunda
1574 3627 1686 3680 dies
1711 3627 1914 3681 obtinet
1933 3626 2094 3691 5108,
2128 3627 2352 3697 reliquas
2374 3644 2498 3681 vero
2528 3628 2590 3681 10

258 3710 413 3768 horas
436 3713 505 3767 ad
531 3714 942 3784 compensandas
965 3715 1161 3785 priores
1190 3714 1253 3767 14
1276 3720 1483 3784 erogat3
1513 3718 1714 3766 restant
1735 3710 1893 3765 horae
1916 3711 1977 3777 4,
2013 3727 2148 3782 quae
2169 3719 2291 3783 post
2310 3712 2360 3765 3.
2384 3714 2590 3782 cyclum

256 3814 511 3871 repensae
536 3799 569 3852 6
591 3798 746 3853 horas
768 3799 1003 3853 residuas
1026 3799 1239 3855 faciunt.
1288 3798 1512 3863 Quartus
1536 3799 1713 3867 cyclus
1736 3795 1891 3851 horas
1919 3797 1982 3850 16
2012 3798 2238 3869 reliquas
2268 3796 2440 3851 habet.
2488 3797 2588 3868 Gy·

260 3887 369 3940 clus
390 3905 443 3940 v.
469 3885 609 3938 diem
631 3901 796 3939 unum
819 3884 1010 3940 adiicit.
1064 3885 1158 3939 Est
1179 3886 1320 3939 enim
1343 3885 1543 3938 dierum
1566 3882 1726 3947 5109,
1754 3889 1808 3936 et
1828 3881 1984 3936 horas
2005 3883 2253 3954 relinquit
2272 3883 2419 3937 duas.
2488 3882 2589 3952 Gy·

259 3972 367 4026 clus
382 3972 603 4025 demum
618 3975 802 4024 sextus
824 3968 980 4024 horas
998 3970 1039 4023 2
1060 3970 1321 4041 relinquit.
1358 3970 1689 4039 Colliguntur
1705 3968 1814 4022 dies
1837 3969 1891 4021 in
1915 3986 1970 4023 vr
1987 3968 2149 4038 cyclis
2173 3968 2357 4033 30650,
2379 3966 2492 4024 hor.
2511 3968 2587 4024 12.

261 4057 461 4121 Quibus
485 4057 535 4110 si
557 4056 717 4109 addes
741 4056 850 4109 dies
873 4055 965 4125 30,
992 4056 1082 4125 qui
1105 4072 1172 4109 ex
1194 4055 1228 4108 5
1252 4062 1598 4124 consurgunt,
1622 4071 1754 4125 quos
1776 4054 2018 4125 singulae
2039 4052 2589 4108 tessaradecaeterides

260 4143 457 4196 solares
480 4158 643 4213 supra
664 4143 872 4195 lunares
892 4142 1174 4212 colligunt,
1200 4140 1309 4194 dies
1334 4139 1562 4194 conflent
1582 4138 1778 4206 30680,
1802 4137 1911 4194 hor.
1935 4140 2012 4193 12.
2078 4140 2146 4192 At
2167 4138 2292 4191 anni
2313 4138 2499 4192 Iuliani
2521 4138 2589 4193 84

260 4228 367 4282 dies
386 4228 665 4298 postulant
684 4226 868 4281 30681.
916 4226 1221 4280 Differentia
1248 4226 1309 4280 12
1330 4224 1605 4290 horarnm3
1630 4241 1763 4295 quae
1785 4226 2110 4296 perimuntur
2127 4225 2182 4276 in
2206 4223 2364 4293 cyclis
2387 4241 2466 4289 vr,
2489 4222 2589 4279 hoc

258 4320 339 4367 em
368 4314 531 4367 binae
564 4314 621 4367 in
654 4328 969 4384 unaquaque
1000 4311 1540 4366 tessaradecaeteride.
1621 4310 1792 4375 Quare
1830 4317 2096 4382 postrema
2133 4309 2352 4379 syzygia
2388 4310 2587 4380 primae

256 4399 1128 4470 ogdoecontatesssradecaeteridis
1152 4398 1262 4452 dies
1285 4397 1501 4469 requirit
1520 4397 1882 4451 tantummodo
1907 4397 1998 4461 29,
2019 4394 2131 4448 hor.
2155 4394 2231 4447 12.
2284 4393 2387 4448 Sed
2411 4396 2466 4449 in
2488 4413 2588 4451 usu

2641 2716 2682 2757 p.
2701 2704 2785 2747 1⁶1.

259 4486 397 4539 civili
419 4486 648 4540 tricenos
672 4484 866 4550 aufert,
890 4490 943 4539 et
964 4485 1027 4539 de
1051 4485 1289 4555 sequenti
1318 4485 1379 4537 12
1396 4484 1553 4537 horas
1576 4490 1868 4547 mutuatur3
1891 4498 1921 4534 e
1944 4481 2133 4551 quibus
2152 4479 2402 4535 decemin
2418 4483 2586 4551 primo
2676 4473 2686 4482 ⁶

258 4574 401 4641 cyclo
426 4572 684 4625 restitutis
709 4571 1125 4643 compensandse
1148 4576 1274 4624 sunt
1293 4569 1443 4625 duae.
1489 4569 1583 4623 His
1607 4570 1662 4623 in
1685 4568 1914 4624 secunda
1934 4565 2454 4622 tessaradecaeteride
2473 4585 2587 4639 per·

255 4656 376 4713 inde
392 4658 613 4713 redditis
630 4655 924 4729 superfluae
948 4663 1072 4711 sunt
1087 4657 1136 4711 8.
1172 4657 1231 4711 ln
1249 4658 1402 4711 tertia
1422 4653 1942 4711 tessaradecaeteride
1963 4652 2195 4723 reliquae
2217 4652 2352 4708 liunt
2373 4653 2483 4709 hor.
2508 4653 2585 4710 18.
