3185 5219
2243 406 2587 468 CLXXXVII

266 567 440 617 natum
459 561 718 627 dicerent,
739 561 840 616 110⁶
864 566 945 615 est
959 563 1087 617 Man
1104 580 1208 629 xx„
1231 544 1672 618 sufflfflanordm
1688 604 1701 630 ,
1726 564 1817 635 qui
1833 564 2092 634 xv.'1·ybi,
2116 565 2225 619 sivo
2240 565 2349 620 Ian.
2362 585 2432 632 x..
2455 568 2581 621 2110-

265 664 376 701 rum
409 647 638 719 denique
670 648 785 718 qui,
815 654 877 700 ut
906 647 1253 720 Epiphanius,
1289 667 1360 703 ιιι.
1378 650 1528 718 Tybi.
1597 650 1715 722 Ipse
1737 666 1861 703 vero
1887 650 2126 704 Clemens
2150 664 2183 703 a
2203 652 2364 705 natali
2385 653 2585 707 domini

267 734 327 787 ad
352 734 553 788 obitum
580 733 851 787 Commodi
874 750 1038 787 annos
1061 740 1303 788 numerat
1325 750 1502 801 cxctv,
1526 751 1761 789 mensem
1787 756 1831 800 1,
1855 735 1967 788 dies
1990 754 2106 790 xm.
2165 735 2310 800 Quod
2335 739 2382 790 si
2405 752 2584 792 verum

267 825 421 885 esset,
445 820 639 873 natalis
664 818 853 872 Christi
876 820 1173 873 conveniret
1192 819 1356 890 Athyr
1377 839 1528 886 xxm,
1561 822 1652 891 qui
1684 821 2079 877 estNov.x,vn1.
2105 820 2421 877 Commodus
2443 825 2583 878 enim

267 905 388 958 obiit
418 922 556 959 anno
592 921 744 959 aerae
779 905 1128 975 Dionysianae
1164 920 1328 962 cxcn.
1353 907 1486 977 prid.
1511 906 1626 960 Kal.
1651 906 1759 960 Ian.
1826 906 1993 960 Natus
2031 907 2192 976 igitur
2225 908 2325 961 erit
2353 907 2584 963 Christus

264 990 457 1044 iuliano
489 1006 644 1047 nm.
681 990 812 1045 Nov.
850 1008 998 1045 xvnr.
1068 991 1171 1045 Sed
1201 1000 1350 1046 vetus
1391 998 1444 1045 et
1475 993 1542 1044 ab
1575 993 1720 1046 omni
1754 993 1973 1045 ecclesia
2006 997 2214 1064 recepta
2244 992 2453 1047 traditio
2487 1000 2583 1060 est,

264 1075 522 1130 Christum
539 1078 663 1133 Dec.
679 1095 798 1131 xxv.
820 1082 1003 1130 natum
1021 1093 1159 1142 esse,
1184 1093 1342 1147 quam
1364 1095 1518 1131 nemo
1542 1079 1771 1148 prudens
1795 1084 1985 1131 temere
2008 1079 2379 1133 sollicitaverit.
2415 1077 2583 1151 Quare

211 1197 218 1205 -
263 1163 473 1216 ridicula
496 1169 550 1216 et
572 1163 898 1235 explodenda
920 1168 997 1216 est
1020 1163 1274 1233 Scaligeri
1308 1163 1581 1229 divinatio,
1619 1165 1710 1233 qui
1741 1164 1796 1217 in
1830 1163 2052 1234 append.
2078 1165 2248 1234 operis
2283 1164 2345 1218 de
2367 1163 2583 1217 Emend.

262 1250 436 1321 Temp.
460 1255 515 1302 et
538 1249 675 1319 Isag.
704 1248 829 1302 Can.
850 1267 925 1303 111.
954 1266 1021 1301 ex
1045 1247 1457 1319 ephemeriarum
1479 1254 1535 1303 et
1564 1248 1961 1304 sacerdotalium
1990 1248 2314 1303 functionum
2344 1251 2469 1303 orbe
2490 1265 2585 1302 na-

262 1335 413 1387 talem
439 1333 633 1388 Christi
666 1334 1047 1389 coniiciendum
1079 1334 1264 1387 asserit
1293 1336 1349 1388 in
1373 1335 1514 1405 Sept.
1539 1340 1836 1390 exeuntem.
1909 1333 2056 1399 Quod
2087 1351 2288 1388 merum
2319 1336 2584 1388 somnium

261 1426 334 1471 est
363 1436 536 1489 neque
560 1421 667 1474 ulla
691 1420 1132 1474 demonstratione
1156 1427 1249 1473 aut
1265 1426 1403 1474 certo
1422 1421 1597 1491 aliquo
1615 1420 1946 1495 firmamento
1966 1421 2162 1474 nititur.
2202 1421 2435 1474 Primum
2458 1420 2584 1491 quia

261 1504 491 1558 nondum
514 1505 640 1557 satis
665 1507 993 1575 exploratum
1018 1512 1098 1559 est
1122 1523 1253 1576 quae
1277 1506 1433 1559 fuerit
1456 1506 1592 1576 apud
1617 1506 1835 1560 Iudaeos
1866 1506 1991 1559 anni
2024 1521 2085 1557 ac
2116 1507 2376 1559 mensium
2411 1506 2583 1576 dispo·

261 1590 389 1644 sitio.
461 1590 664 1643 Deinde
693 1606 790 1643 nec
823 1592 949 1644 illud
983 1598 1177 1645 certum
1210 1598 1317 1656 est,
1351 1599 1526 1645 utrum
1557 1592 1709 1645 Iudas
1734 1592 2077 1645 Maccabaeae
2111 1608 2230 1644 cum
2253 1592 2509 1645 sacrificia
2528 1596 2584 1644 et

259 1676 585 1729 sacerdotum
604 1675 897 1730 functiones
922 1678 1255 1743 instauraret,
1282 1673 1464 1729 ἄνωθεν
1488 1677 1568 1728 καὶ
1602 1675 1828 1748 ἆπαρχῆς
1861 1677 2270 1748 ephemeriarum
2302 1677 2481 1730 orbem
2503 1693 2583 1730 re-

258 1762 474 1832 petierit,
501 1778 567 1814 an
586 1765 706 1831 post
723 1762 1067 1834 interruptum
1087 1738 1429 1833 ἐνδελεχισμὸν
1449 1760 1710 1834 ἐφημερίσιν
1726 1765 1872 1816 illam
1890 1762 2233 1827 substituerit,
2256 1778 2390 1833 quae
2405 1763 2582 1834 priori,

257 1848 348 1899 sub
367 1863 476 1918 qua
493 1847 747 1917 templum
767 1849 833 1899 ab
852 1848 1105 1902 Antiocho
1123 1848 1376 1902 violatum
1395 1853 1500 1912 est,
1518 1864 1822 1902 successura
1838 1848 2023 1901 fuerat.
2058 1849 2138 1902 Ad
2154 1847 2281 1901 haec
2299 1849 2533 1902 Maccab.
2545 1866 2582 1902 1.

257 1948 365 2004 cap.
387 1950 457 1986 w.
486 1949 619 1987 com.
639 1932 721 1987 42.
746 1934 1072 1988 sacerdotum
1090 1934 1346 1987 delectum
1365 1933 1613 1987 habuisse
1636 1934 1836 1999 dicitur,
1859 1950 2040 1987 eorum
2047 1934 2259 1987 ‘scilicet
2280 1935 2370 2004 qui
2392 1935 2584 2004 integri

257 2018 678 2088 immaculatique
710 2018 904 2084 forent,
947 2021 1127 2090 quales
1161 2018 1393 2073 nondum
1425 2019 1663 2073 fortassis
1696 2024 1846 2072 erant
1876 2021 2074 2089 primae
2105 2020 2234 2072 vicis
2275 2019 2583 2073 sacerdotes.

255 2104 521 2158 Postremo
540 2104 859 2176 baptizatum
882 2122 995 2158 esse
1014 2105 1276 2159 Christum
1299 2105 1498 2158 Iuliano
1518 2123 1678 2169 xxiv„
1701 2105 1784 2157 vel
1808 2105 1992 2157 aetatis
2015 2105 2256 2158 absoluto
2277 2123 2417 2170 xxx„
2440 2121 2583 2159 sum·

256 2196 397 2260 ptum
417 2207 450 2243 a
471 2190 738 2261 Scaligero
753 2231 765 2255 ,
789 2207 895 2244 non
914 2191 1323 2244 demonstratum
1347 2196 1448 2257 est,
1471 2196 1531 2244 nt
1554 2207 1650 2244 suo
1673 2192 1788 2244 loco
1813 2191 2165 2261 probavimus.
2202 2190 2352 2255 Quod
2374 2192 2421 2244 si
2444 2191 2582 2262 quod

255 2275 306 2329 in
337 2277 423 2329 illo
447 2277 671 2341 vicium,
705 2281 758 2329 et
788 2275 1201 2347 ephemeriarum
1234 2278 1453 2331 circuitu
1482 2278 1736 2330 momenti
1767 2276 1832 2329 ad
1865 2276 2150 2330 eruendum
2174 2274 2363 2330 Christi
2384 2292 2583 2330 annum

257 2378 366 2414 esse
392 2362 618 2427 videtur,
651 2368 827 2432 potest
858 2362 1079 2433 quilibet
1109 2362 1371 2416 nonnullis
1408 2362 1617 2428 eodem,
1654 2376 1757 2433 quo
1789 2361 2040 2432 Scaliger,
2076 2363 2188 2416 iure
2221 2363 2483 2433 usurpatis
2519 2380 2581 2415 ao

256 2448 456 2516 positis,
482 2464 797 2519 quocunque
821 2449 1030 2502 libuerit
1051 2449 1227 2502 orbem
1251 2449 1400 2501 illum
1423 2465 1484 2501 ac
1508 2449 1782 2502 circuitum
1804 2447 2073 2503 deducere.
2108 2447 2241 2501 Nam
2261 2453 2314 2501 et
2326 2447 2580 2518 Keplerus

257 2550 317 2586 ex
340 2533 526 2588 eadem
550 2535 639 2587 illa
665 2535 796 2587 serie
820 2535 1049 2587 natalem
1071 2534 1270 2587 domini
1293 2552 1413 2588 xxv.
1438 2534 1520 2586 die
1544 2534 1845 2587 Decembris
1866 2534 2100 2587 retinuit.

383 2620 488 2674 Sed
513 2626 574 2673 ut
597 2621 663 2673 ad
685 2620 830 2674 illam
853 2627 1095 2686 revertar,
1122 2636 1279 2691 quam
1303 2620 1624 2691 Epiphanius
1649 2620 1892 2685 adduxit,
1916 2620 2286 2674 nonnullorum
2308 2621 2580 2686 rationem,

257 2706 339 2774 qui
361 2723 427 2760 ex
451 2724 506 2759 x.
527 2723 707 2760 mense
732 2705 839 2759 dies
864 2708 1063 2777 aliquot
1076 2706 1269 2759 libasse
1290 2704 1551 2758 Christum
1574 2706 1629 2758 in
1655 2711 1797 2759 utero
1822 2707 2004 2759 matris
2029 2706 2417 2772 existimarunt,
2442 2706 2580 2777 quod

255 2791 370 2862 Sap.
401 2810 503 2856 vu,
548 2792 595 2844 2.
631 2792 882 2863 scriptum
917 2793 1010 2856 sit,
1055 2795 1223 2845 decem
1253 2792 1499 2844 mensibus
1533 2800 1795 2843 concretus
1824 2795 1878 2844 in
1910 2796 2180 2860 sanquine,
2212 2793 2393 2846 eodem
2425 2807 2579 2860 argu-

254 2882 422 2931 mento
446 2875 739 2932 catholicus
767 2878 1038 2931 Armeniae
1062 2894 1189 2931 usus
1215 2879 1330 2931 est
1316 2894 1369 2934 m
1395 2877 1617 2947 epistola
1640 2893 1798 2946 quam
1833 2878 1958 2930 citat
1988 2877 2183 2948 Scalig.
2206 2878 2262 2932 in
2286 2877 2423 2948 Isag.
2451 2877 2578 2931 Can.

384 3049 475 3101 Kal
502 3048 611 3120 περὶ
636 3045 785 3117 αὐτὴν
805 3048 890 3117 τὴν
915 3047 1213 3116 ἑνδεκάτην]
1280 3047 1535 3112 Quoniam
1571 3054 1751 3102 natum
1787 3064 1903 3102 esse
1938 3048 2200 3102 Christum
2224 3049 2419 3103 v1.1an.
2443 3048 2577 3103 arbi·

251 3139 410 3189 tratus
436 3142 544 3200 est,
567 3136 888 3205 baptizatum
906 3152 1027 3188 vero
1052 3153 1163 3188 vm.
1183 3133 1331 3199 Not,
1355 3133 1507 3187 facile
1529 3134 1630 3188 fuit
1647 3133 1936 3206 Epiphanio
1954 3134 2182 3204 primum
2199 3135 2324 3188 illud
2346 3139 2581 3189 mutatae

254 3235 409 3291 aquae
432 3222 749 3274 miraculum
774 3220 980 3285 eodem,
1014 3237 1115 3291 quo
1150 3227 1304 3273 natus
1339 3227 1472 3285 erat,
1507 3221 1590 3273 die
1620 3220 1817 3273 factum
1840 3236 2088 3274 asserere.
2134 3220 2327 3274 Verum
2349 3237 2469 3275 cum
2493 3237 2578 3274 ve·

253 3307 344 3360 teri
375 3307 629 3360 ecclesiae
665 3307 1030 3371 consensione,
1061 3322 1167 3359 non
1192 3304 1300 3359 Ian.
1319 3325 1407 3372 vr,
1439 3306 1530 3359 ssd
1553 3306 1823 3360 Decembr.
1844 3324 1966 3361 xxv,
1995 3304 2186 3360 Christi
2213 3307 2402 3360 natalis
2437 3306 2581 3360 attri-

252 3391 401 3445 butus
438 3393 539 3454 sit,
571 3392 861 3463 baptismus
885 3408 1007 3445 vero
1032 3392 1243 3456 Ian.v1.,
1265 3391 1378 3444 fieri
1410 3409 1516 3445 non
1549 3397 1746 3462 potest,
1770 3398 1828 3444 ut
1861 3397 1953 3445 aut
1973 3391 2156 3445 eodem
2180 3408 2284 3462 quo
2308 3398 2460 3446 natus
2484 3398 2579 3458 est,
2629 3419 2676 3460 p.
2690 3406 2779 3450 212.

254 3480 524 3533 autetiam
551 3494 651 3547 quo
677 3478 969 3549 baptizatus
994 3483 1097 3543 est,
1122 3477 1203 3530 die
1229 3495 1418 3547 aquam
1439 3479 1494 3530 in
1515 3478 1697 3530 vinum
1714 3478 1941 3532 verterit.
1976 3479 2186 3548 Alioqui
2206 3478 2582 3548 perabsurdum

252 3571 327 3617 est
348 3580 488 3618 anno
517 3563 725 3617 demum
749 3570 870 3634 post
894 3564 1210 3634 baptismum
1235 3564 1437 3634 elapso,
1462 3580 1580 3616 cum
1603 3563 1705 3616 iam
1722 3602 1736 3627 ‚
1770 3568 1832 3615 ut
1853 3568 1973 3616 ante
1996 3563 2293 3629 docuimus,
2315 3564 2578 3635 praedica-

250 3650 438 3703 tionem
465 3666 618 3703 orsus
644 3655 806 3714 esset,
829 3650 1057 3720 primum
1081 3650 1147 3702 ab
1173 3667 1235 3702 eo
1259 3650 1568 3702 miraculum
1595 3647 1790 3700 editum
1814 3648 1962 3700 velle.
2031 3650 2143 3701 Hoc
2176 3649 2318 3702 enim
2353 3665 2577 3720 evauge-

249 3735 371 3787 licae
395 3734 648 3787 historiae
671 3735 946 3788 manifeste
968 3742 1248 3805 repugnat3
1283 3734 1449 3786 multo
1473 3749 1595 3785 vero
1620 3733 1817 3801 magis,
1852 3733 1897 3785 si
1929 3733 2030 3785 tria
2053 3732 2307 3786 duntaxat
2327 3733 2579 3805 paschata

252 3837 365 3873 cum
386 3820 654 3873 veteribus
678 3821 1027 3890 assignemus.
1093 3819 1442 3883 Quamobrem
1466 3819 1568 3870 alio
1592 3817 1676 3870 die
1700 3833 1857 3887 quam
1882 3817 2081 3872 v1.Ian.
2106 3819 2417 3872 miraculum
2438 3820 2578 3873 istud

248 3905 456 3971 accidit,
494 3908 705 3958 tametsi
737 3905 918 3959 eodem
953 3923 1056 3976 quo
1090 3906 1382 3975 baptismus
1414 3903 1497 3957 die
1521 3904 1588 3956 ab
1614 3904 1831 3955 ecclesia
1855 3903 2155 3956 celebretur.
2224 3903 2300 3956 De
2334 3920 2436 3973 quo
2460 3905 2577 3957 vide

249 3991 539 4045 Perrerium
561 3991 653 4045 lib.
674 4010 746 4045 ιι.
772 3990 970 4044 Comm.
994 3991 1050 4043 in
1073 3990 1202 4043 Dan.
1229 3997 1282 4043 et
1303 3990 1491 4043 Baron.
1515 3990 1570 4042 in
1596 3989 1729 4043 Anu.

375 4077 439 4130 N.
464 4094 593 4130 xxx.
643 4075 727 4127 Διὸ
753 4076 834 4128 καὶ
857 4073 905 4127 ἐν
930 4074 1136 4136 πολλοῖς
1160 4076 1372 4143 τόποις.]
1439 4074 1587 4139 Quod
1619 4074 1805 4128 horum
1839 4073 2062 4127 sontium
2090 4074 2358 4127 historiam
2383 4078 2437 4126 et
2456 4073 2577 4144 Epi·

248 4161 422 4233 phanii
453 4161 614 4216 fidem
648 4163 699 4215 in
737 4161 952 4215 dubium
981 4160 1244 4215 revocavit
1267 4160 1550 4214 Calvinista
1585 4161 1795 4231 quidam
1828 4176 2057 4230 nuperus
2081 4161 2135 4212 in
2159 4159 2457 4212 Casauboni
2478 4159 2576 4213 De·

245 4248 508 4312 sensione,
542 4247 668 4300 facit
696 4245 1158 4317 impudentissime.
1229 4245 1330 4299 Sed
1363 4245 1502 4299 hunc
1523 4246 1801 4318 Epiphanii
1829 4247 2002 4299 locum
2033 4246 2268 4315 pluribus
2300 4243 2580 4298 illustravit

244 4333 548 4386 Heribertus
571 4333 890 4402 Rosweydus
915 4339 1088 4386 noster
1117 4333 1170 4384 in
1194 4332 1409 4384 Talione
1432 4338 1616 4384 contra
1637 4331 2030 4396 Casaubonum,
2063 4347 2095 4382 a
2128 4347 2229 4400 quo
2261 4330 2455 4382 iniuria
2486 4347 2577 4384 no-

244 4425 378 4472 tatus
404 4427 519 4472 erat
540 4419 922 4472 illustrissimus
945 4418 1224 4471 Annalium
1247 4416 1499 4471 conditor.

376 4504 519 4556 Κανᾶ
543 4500 634 4575 γὰρ
661 4503 1008 4575 ἑρμηνεύεται]
1051 4504 1306 4558 vocabuli
1326 4503 1481 4557 huius
1508 4502 1764 4571 originem
1789 4519 1821 4555 a
1843 4502 1999 4555 verbo
2025 4505 2160 4594 nn?
2187 4500 2414 4567 deducit,
2437 4502 2576 4572 quod

243 4590 513 4663 possidere
537 4589 814 4660 significat.

375 4674 441 4731 N.
461 4691 609 4731 xxxi.
635 4675 824 4729 Φάσκει
842 4672 987 4728 πάλιν
1008 4671 1033 4726 ὃ
1054 4675 1281 4744 Λουκᾶς]
1319 4669 1588 4739 Quomodo
1614 4687 1734 4728 cum
1757 4673 1974 4728 caeteris
1998 4674 2333 4746 evangelistis
2356 4673 2576 4730 Ioannes
