3185 5219
2351 372 2608 430 OEGXIX

282 524 658 591 hebdomadae,
680 523 1005 598 xerophagia
1024 524 1334 584 Christianis
1353 525 1611 596 imperata
1628 524 1747 581 fuit.
1784 525 1947 596 Atqui
1966 525 2173 582 Laodic-
2196 525 2322 582 Can„
2339 545 2390 583 r..
2417 527 2493 582 aa
2513 529 2609 582 κᾶ-

285 629 392 681 σαν,
415 612 605 682 inquit,
626 610 714 679 τὴν
737 609 1132 681 τεσσαρακοστὴν
1155 611 1397 678 νηστεύειν
1422 611 1835 682 ξηροφαγοῦντας.
1870 610 1937 664 Et
1956 610 2203 666 Balsamo
2226 613 2294 666 ad
2317 613 2445 670 Gan.
2465 631 2607 669 unx.

282 698 463 769 Apost.
486 715 596 751 nou
617 697 790 751 solum
813 698 868 750 in
890 697 1318 768 quadragesima,
1344 696 1436 750 sed
1470 697 1629 750 etiam
1660 702 1846 767 quarta
1876 702 2130 768 sextaque
2160 698 2294 752 teria
2317 700 2608 770 Εηροφαγέϊν

283 789 522 854 oportere
546 782 712 837 docet.
767 781 910 837 Adeo
935 788 995 837 ut
1014 799 1081 836 ne
1104 783 1336 853 aegrotis
1358 782 1568 852 quidem
1589 781 1730 836 aliud
1754 783 1991 838 ciborum
2011 798 2181 853 genus
2205 800 2362 854 quam
2384 785 2608 856 piscium

282 868 633 940 indulgeatur,
656 884 751 921 nec
775 883 1011 939 unquam
1032 868 1298 933 carnibus,
1322 869 1405 921 vel
1421 873 1658 922 extremo
1675 868 1811 922 vitae
1830 868 2076 939 periculo,
2097 870 2239 924 vesci
2254 870 2425 924 liceat.
2458 870 2610 942 Apud

281 954 552 1009 Socratem
576 961 754 1007 tamen
775 953 866 1008 lib.
885 971 935 1008 v.
962 969 1075 1024 cap.
1094 972 1243 1019 xxm,
1273 954 1362 1007 ubi
1385 954 1619 1008 diversae
1643 953 2111 1024 quadragesimalis
2132 955 2311 1008 ieiunii
2334 962 2609 1010 consuetu-

283 1039 429 1094 dines
447 1040 790 1111 explicantur,
813 1055 920 1093 non
941 1055 1124 1092 omnes
1141 1039 1516 1110 xerophagiam
1536 1038 1867 1094 adhibebant.
1901 1039 2005 1093 Sed
2027 1040 2115 1093 alii
2131 1041 2364 1110 piscibus
2380 1045 2609 1096 tautum-

282 1125 465 1189 modo,
500 1126 591 1178 alii
620 1124 802 1178 avibus
824 1124 1036 1195 insuper
1058 1125 1353 1190 utebantur,
1387 1141 1519 1195 quos
1554 1141 1623 1180 ex
1647 1140 1785 1194 aqua
1804 1130 2101 1195 procreatos
2123 1126 2333 1196 perinde
2356 1143 2416 1179 ac
2438 1128 2609 1197 pisces

282 1212 495 1281 Moyses
518 1216 716 1265 narrat.
765 1210 872 1264 Alii
890 1209 1147 1264 fructibus
1171 1210 1385 1280 ovisque
1408 1210 1664 1275 conteuti,
1700 1210 1791 1264 alii
1810 1226 1947 1280 pane
1968 1212 2106 1275 solo,
2137 1211 2229 1265 alii
2247 1228 2314 1264 ne
2335 1210 2474 1266 hunc
2497 1212 2611 1283 qui·

285 1296 401 1349 dem
424 1297 527 1351 sibi
549 1296 933 1367 permittebant.
964 1295 1013 1348 A
1030 1295 1273 1350 carnibus
1292 1296 1502 1365 quidem
1523 1297 1795 1349 universos
1820 1296 2134 1350 abstinuisse
2150 1301 2355 1367 praeter
2376 1303 2609 1354 caeteros

283 1382 615 1453 Augustinus
639 1386 821 1435 contra
841 1380 1095 1435 Faustum
1117 1381 1298 1434 scribit
1317 1382 1406 1436 lib.
1425 1399 1549 1435 xxx.
1605 1381 1649 1434 A
1673 1381 1916 1436 carnibus
1948 1389 1999 1435 et
2021 1383 2143 1436 vino
2168 1381 2431 1452 chrysost.
2454 1384 2604 1440 Hom⁴

283 1487 395 1522 vm.
421 1466 485 1520 de
507 1467 708 1520 Posuit.
758 1467 835 1520 De
870 1467 1115 1524 carnibus
1146 1467 1305 1520 οὴὶωι
1337 1464 1665 1537 Spyridionis
1699 1468 1837 1538 apud
1861 1467 2065 1521 Sozom.
2088 1466 2307 1522 historia
2335 1469 2612 1523 coufirmat

284 1553 373 1608 lib.
393 1572 430 1607 1.
454 1568 569 1624 cap.
587 1570 662 1606 ιι.
687 1559 746 1605 ut
766 1558 971 1606 caetera
1003 1553 1441 1622 praetermittam,
1472 1567 1607 1622 quae
1636 1559 1763 1606 sunt
1789 1553 2078 1607 innumera„
2128 1553 2410 1608 Postremis
2430 1555 2608 1625 itaque

285 1638 715 1708 quadragesimae
736 1637 919 1692 diebus
944 1654 1038 1691 sex
1061 1635 1383 1707 xerophagia
1403 1637 1523 1708 lege
1548 1637 1774 1708 quadam
1797 1639 2037 1693 omuibus
2059 1638 2267 1694 indicte.
2319 1639 2465 1704 Quae
2484 1640 2609 1711 quid

283 1723 378 1788 sit,
401 1723 632 1777 declarat
652 1722 864 1776 Tertull.
887 1724 1020 1777 libro
1045 1728 1225 1777 contra
1244 1721 1430 1792 Psych.
1454 1739 1567 1794 cap.
1585 1742 1647 1777 ιε
1683 1725 1927 1793 Aryuunt
1946 1743 2057 1789 nos,
2080 1725 2273 1795 inquit,
2305 1728 2437 1795 quod
2456 1730 2610 1780 etiam

281 1809 630 1879 teropkaqias
652 1808 988 1873 observemus,
1020 1812 1275 1861 siccantes
1298 1808 1460 1861 cibum
1484 1809 1551 1861 ab
1574 1813 1710 1862 omni
1743 1827 1902 1864 carne
1937 1820 1988 1863 et
2006 1814 2140 1864 omni
2158 1812 2438 1864 iurulentia
2468 1820 2516 1864 et
2535 1816 2609 1864 vi·

283 1895 568 1946 vidior-ibus
586 1893 855 1964 quibusque
869 1897 1059 1963 pomis,
1095 1911 1156 1946 ne
1187 1896 1311 1963 quid
1338 1898 1628 1948 vinositatis
1660 1895 1742 1948 vel
1774 1898 1981 1948 edamus
2012 1897 2094 1948 vs!
2116 1905 2367 1965 potemus,
2403 1899 2613 1949 lavacri

284 1996 469 2050 quoque
492 1980 849 2032 abstinentiam
874 1988 1224 2046 caenys-nentem
1249 1982 1400 2032 arido
1424 1984 1597 2035 victui.
1648 1978 1855 2033 Passim
1876 1997 1999 2034 vero
2029 1986 2140 2034 toto
2171 1982 2261 2036 illo
2293 1981 2425 2035 libro
2460 1999 2610 2037 xero-

283 2062 502 2135 phagias
537 2080 570 2117 a
603 2063 872 2118 catholicis
907 2063 1146 2118 damnari
1177 2064 1465 2135 siguificat,
1501 2070 1651 2135 quasi
1680 2084 1853 2119 nouum
1891 2069 2128 2136 affectati
2147 2069 2310 2136 officii
2330 2085 2529 2132 nomeu,
2564 2076 2615 2121 et

272 2154 560 2220 praa-imm
595 2149 829 2203 ethnicae
861 2153 1230 2220 superstitioni,
1271 2152 1447 2219 quales
1481 2155 1813 2204 castimoniae
1848 2153 2014 2222 Apin,
2058 2152 2249 2205 Isidem
2283 2161 2333 2205 et
2362 2154 2611 2222 Maqnam

281 2235 502 2289 Matrem
535 2243 782 2288 certorum
814 2237 1092 2288 eduliorum
1122 2240 1409 2306 exceptione
1436 2240 1732 2307 purificant.
1796 2236 1987 2290 Verum
2021 2254 2129 2290 non
2164 2255 2374 2304 omnes,
2411 2240 2610 2310 opinor,

282 2327 395 2374 tum
418 2338 452 2374 a
475 2319 740 2375 catholicis
763 2320 1041 2374 damnatae
1063 2320 1418 2392 xerophagiae
1441 2329 1589 2387 sunt,
1624 2322 1713 2376 sed
1747 2323 1866 2375 illae
1890 2323 2061 2376 solum
2085 2338 2215 2393 quas
2238 2323 2391 2377 certis
2412 2329 2611 2396 tempo·

282 2407 455 2472 ribus,
497 2413 862 2477 praeterquam
907 2407 974 2460 ab
1009 2407 1230 2460 ecclesia
1271 2408 1591 2472 constitutis,
1635 2424 1703 2461 ex
1738 2408 1977 2462 Montani
2009 2408 2285 2479 disciplina
2315 2410 2611 2475 servabant,

284 2508 413 2562 quas
446 2490 588 2545 idem
620 2497 772 2546 autor
806 2491 1007 2546 duabus
1041 2490 1376 2546 hebdomadis
1412 2493 1594 2548 definit
1626 2509 1739 2564 cap.
1768 2512 1876 2547 nn:
1937 2495 2199 2555 Quantulo
2216 2498 2353 2548 enim
2376 2506 2448 2548 est
2469 2498 2613 2566 apud

284 2595 372 2631 nos
401 2580 698 2632 interdictio
734 2579 989 2632 02·me
1044 2579 1193 2632 Duas
1224 2583 1280 2633 in
1311 2597 1444 2632 anno
1476 2579 1823 2633 hebdomadas
1846 2579 2307 2650 xerophayiarum,
2336 2598 2431 2634 nec
2462 2590 2613 2648 totas,

284 2668 506 2735 acceptis
520 2665 722 2718 scilicet
734 2665 965 2717 sabbatis
986 2674 1037 2717 et
1051 2667 1340 2728 dontinieis,
1360 2669 1617 2735 offerimus
1635 2667 1743 2719 deo.
1783 2664 1881 2718 Ubi
1904 2682 2013 2719 nou
2032 2667 2345 2719 assentimur
2360 2665 2609 2732 Pamelio‚

284 2749 372 2819 qui
407 2749 754 2803 hebdomadas
785 2764 892 2803 non
925 2766 1021 2821 pro
1054 2758 1238 2820 septem
1275 2750 1475 2815 diebus,
1518 2750 1610 2803 sed
1644 2766 1736 2821 pro
1770 2750 1986 2803 totidem
2019 2750 2412 2803 hebdomadibus
2442 2752 2611 2822 accipi

281 2840 456 2905 putat,
492 2840 547 2887 et
579 2834 642 2887 de
675 2832 976 2906 Telesphori
1010 2836 1304 2899 sanctione,
1340 2850 1444 2904 qua
1475 2835 1828 2888 Tertullianus
1864 2835 2081 2890 clericus
2116 2840 2389 2901 teneretur,
2428 2837 2608 2890 nescio

282 2918 408 2989 quid
437 2927 639 2985 narrat,
672 2920 811 2990 quod
844 2921 986 2975 nullo
1019 2921 1175 2975 modo
1199 2920 1488 2991 persuadet.
1540 2920 1674 2974 Nam
1700 2920 1747 2973 si
1769 2938 1875 2974 mr.
1897 2919 2250 2974 hebdomadas
2272 2918 2609 2992 xerophagiis

280 3006 566 3059 Montanus
588 3004 876 3059 addixisset
896 3023 1003 3060 uon
1025 3006 1155 3059 illud
1178 3021 1347 3076 usque
1369 3006 1497 3059 adeo
1522 3006 1735 3060 Tertull.
1759 3007 1967 3059 elevans
1992 3006 2208 3060 diceretz
2250 3006 2511 3067 Quantula
2535 3016 2611 3060 est

283 3093 425 3161 apud
445 3109 537 3143 nos
558 3093 850 3144 interdictio
875 3093 1130 3145 ciborum?
1182 3090 1436 3155 Quocirca
1466 3091 1598 3145 duas
1630 3092 1758 3145 alias
1782 3107 1815 3143 a
1837 3091 2240 3163 quadragesima
2260 3092 2525 3147 seiunctas
2547 3108 2611 3147 ae
2691 3133 2704 3146 .

281 3175 514 3229 diversas
538 3176 700 3229 fuisse
725 3175 966 3230 credibile
990 3182 1097 3246 est3
1130 3178 1184 3230 in
1219 3179 1409 3248 quibus
1443 3178 1720 3233 sabbatum
1756 3193 1817 3229 ac
1849 3177 2108 3231 dominica
2134 3178 2248 3231 dies
2272 3176 2604 3234 eximeretur.

281 3260 489 3316 Sozom.
525 3261 616 3316 lib.
642 3279 733 3316 vn.
770 3278 886 3332 cap.
918 3280 1029 3318 ιιι.
1074 3262 1136 3316 de
1179 3250 1386 3317 div‘erso
1425 3262 1893 3333 quadragesimalis
1932 3263 2111 3317 ieiunii
2152 3263 2351 3317 dierum
2389 3276 2607 3318 numero

279 3362 445 3417 agens
461 3387 476 3412 ,
497 3346 846 3401 Montanistas
870 3347 946 3400 ait
965 3347 1094 3401 duas
1118 3353 1237 3401 ante
1260 3347 1456 3418 pascha
1479 3348 1736 3403 duntaxat
1756 3347 2110 3402 hebdomadas
2132 3349 2376 3404 ieiunare.
2416 3351 2606 3405 Verum

279 3449 399 3486 cum
431 3432 491 3485 in
525 3432 777 3498 secunda,
812 3432 912 3486 hoc
948 3439 1030 3486 est
1059 3435 1302 3504 proxima
1335 3440 1458 3487 ante
1490 3433 1687 3504 pascha
1719 3432 2038 3488 hebdomade
2061 3434 2335 3489 sabbatum
2359 3452 2392 3489 a
2411 3437 2606 3489 ieiunio

283 3522 586 3588 exemptum
619 3517 758 3588 apud
788 3518 1138 3573 Montanistas
1171 3536 1280 3573 non
1307 3520 1489 3585 fuerit,
1521 3526 1582 3574 ut
1604 3520 1818 3575 Tertull.
1840 3520 1944 3573 iam
1967 3521 2290 3574 Montanista
2309 3522 2400 3575 lib.
2426 3527 2610 3575 contra

278 3601 468 3673 Psych.
492 3611 692 3670 narrat,
724 3620 831 3657 non
853 3604 1093 3659 videntur
1115 3605 1183 3658 ad
1205 3605 1333 3658 duas
1354 3607 1483 3659 istas
1508 3603 1859 3659 hebdomadas
1882 3605 2097 3659 totidem
2118 3606 2237 3659 illae
2260 3605 2607 3676 xerophagia-

279 3705 398 3742 rum
429 3689 811 3743 accommodari
840 3707 1013 3761 posse.
1065 3690 1124 3745 In
1147 3690 1368 3747 Constit.
1394 3692 1574 3761 Apost,
1597 3691 1688 3743 lib.
1707 3708 1756 3745 v.
1783 3706 1899 3760 cap.
1919 3707 2045 3744 xm.
2070 3691 2252 3743 eadem
2284 3690 2609 3761 xerophagia

280 3790 374 3828 sex
403 3775 507 3827 illis
533 3770 715 3828 diebus
746 3775 1071 3829 observanda
1091 3776 1419 3847 proponitur:
1465 3774 1549 3827 Ἐν
1573 3778 1683 3835 ταῖς
1701 3773 1900 3845 ἡμέραις
1924 3775 2011 3826 οὖν
2032 3779 2122 3826 τοῦ
2145 3773 2319 3845 πάσχα,
2339 3777 2604 3845 moverim,

280 3856 550 3931 ἀρχόμενοι
572 3857 669 3911 ἀπὸ
695 3859 918 3929 δευτέρας
944 3859 1088 3932 μέχρι
1111 3864 1194 3928 τῆς
1218 3864 1534 3932 παρασκευῆς
1568 3859 1647 3911 καὶ
1684 3858 1931 3929 σαββάτου
1965 3859 2015 3922 ἓξ
2047 3858 2255 3930 ἡμέρας,
2292 3862 2433 3931 μόνῳ
2467 3860 2605 3931 χρώ-

281 3962 417 4014 μενοι
440 3940 579 4015 ἄρτῳ
604 3945 684 3997 καὶ
708 3943 791 3997 ἁλὶ
822 3946 902 3997 καὶ
934 3945 1196 4017 λαχάνοις,
1232 3945 1314 3999 καὶ
1348 3949 1490 4015 ποτῷ
1524 3944 1691 4015 ὕδατι,
1728 3945 1857 3998 οἴνου
1894 3945 1948 3998 δὲ
1982 3945 2063 3998 καὶ
2096 3949 2251 4017 κρεῶν
2284 3944 2522 4017 ἀπέχεσθε
2555 3944 2604 3998 ἐν

281 4030 492 4090 ταύταις.
528 4030 670 4083 Haec
692 4031 854 4101 igitur
875 4030 1200 4102 xerophagia
1220 4048 1372 4101 pane,
1407 4030 1528 4095 sale,
1561 4046 1698 4101 aqua
1721 4038 1788 4097 et,
1813 4032 1858 4084 si
1868 4032 2033 4099 ,fol-te,
2055 4032 2214 4085 etiam
2236 4032 2459 4085 oleribus
2478 4049 2605 4085 con·

282 4116 471 4169 stabat.
524 4114 604 4169 Ad
628 4114 754 4169 haec
777 4132 891 4188 cap.
909 4134 1003 4170 ιιι.
1029 4116 1259 4170 eiusdem
1282 4115 1401 4169 libri
1432 4116 1881 4186 quadragesimale
1914 4118 2165 4170 ieiunium
2199 4134 2232 4171 a
2264 4115 2499 4187 paschali
2529 4118 2605 4170 di·

279 4201 592 4270 stinguitur:
648 4198 991 4254 Ἐπιτελείσθω
1025 4201 1078 4254 δὲ
1108 4201 1140 4269 ἡ
1172 4201 1367 4267 νηστεία
1398 4200 1520 4268 αὐτὴ
1548 4200 1757 4273 (nempe
1780 4202 2267 4273 quadragesimalis)
2293 4201 2389 4272 πρὸ
2414 4205 2499 4268 τῆς
2521 4221 2605 4268 νη·

280 4285 439 4347 στείας
463 4289 553 4337 τοῦ
578 4284 779 4358 πάσχα,
810 4283 1058 4358 ἀρχομένη
1079 4286 1165 4359 μὲν
1190 4283 1288 4339 ἀπο
1313 4286 1560 4357 δευτέρας,
1585 4286 1897 4359 πληρουμένη
1924 4288 1977 4340 δὲ
2000 4286 2063 4348 εἰς
2086 4287 2393 4357 παρασκευὴν
2419 4285 2525 4357 μεθ’
2548 4285 2603 4348 ἃς

279 4368 726 4438 ἀπονηστεύσαντες
750 4368 957 4442 ἄρξασθε
988 4377 1073 4440 τῆς
1106 4372 1247 4444 ἁγίας
1282 4377 1374 4425 τοῦ
1405 4371 1578 4442 πάσχα
1612 4369 1909 4443 ἑβδομάδος,
1945 4373 2249 4438 νηστεύοντες
2285 4371 2459 4440 αὖτὴνι
2515 4375 2603 4426 Ce-

281 4458 501 4511 lebretur
524 4460 972 4527 quadrayesimale
993 4463 1232 4513 iet'anium
1256 4469 1376 4512 ante
1388 4458 1670 4528 paschale,
1704 4468 1752 4511 et
1781 4462 2032 4529 incipiens
2053 4478 2089 4510 a
2111 4461 2336 4511 secunda
2346 4463 2496 4528 feria
2519 4462 2603 4512 de·

280 4546 419 4595 sinat
441 4547 496 4597 in
509 4561 863 4612 parasceven,
886 4554 1010 4615 post
1036 4563 1185 4614 quam
1215 4546 1373 4598 soluto
1405 4548 1595 4597 ieiunio
1621 4553 1855 4597 sanctam
1869 4543 2145 4614 paschatis
2165 4543 2521 4599 hebdomadem
2546 4551 2603 4598 in

280 4631 468 4681 {minio
487 4632 773 4697 transiqo'te.
797 4628 1273 4702 Quadragesimalis
1290 4647 1443 4702 porro
1460 4630 1602 4683 illlus
1618 4630 1797 4683 ieiunii
1812 4668 1827 4696 ,
1845 4635 2103 4700 quatenus
2120 4647 2154 4684 a
2166 4629 2400 4702 paschali
2417 4630 2603 4696 differt,
