3185 5219
2429 389 2608 448 CLVII

273 543 651 616 meroeolynis
686 547 1005 618 praefuisse,
1038 551 1094 598 et
1124 543 1346 599 Neronis
1381 558 1520 598 anno
1555 544 1779 615 septimo
1814 544 1913 598 sub
1934 543 2236 617 paschalem
2256 546 2610 601 celebritatem

273 630 578 686 interfectus
602 648 719 685 esse
741 632 931 686 dicitur
949 631 1017 684 ab
1050 630 1370 699 Hieronymo
1408 630 1495 683 lib.
1531 629 1596 683 de
1629 630 1817 701 Script.
1844 629 2065 696 Eccles.,
2101 631 2242 700 quod
2272 632 2475 686 Iuliano
2499 649 2607 688 cvr.

273 717 529 786 congruit.
566 719 734 788 Igitur
757 733 896 771 anno
914 733 1093 771 nxxvr.
1116 716 1320 770 iuliano
1336 731 1580 786 praeesse
1598 716 1785 786 coepit.
1820 715 1951 770 Item
1967 715 2160 770 Paulus
2180 718 2447 787 apostolus
2472 717 2610 789 apud

274 801 496 856 eundem
518 802 896 873 Hieronymum
920 817 1058 855 anno
1076 819 1197 856 xxv.
1219 806 1341 872 post
1360 802 1664 872 passionem
1688 801 1912 866 domiui,
1935 801 2157 855 Neronis
2181 819 2256 866 ru,
2279 804 2484 857 vinctus
2507 803 2610 857 Ro·

272 903 412 940 mam
434 888 688 952 mittitur3
711 889 805 943 ubi
826 895 880 941 et
896 888 1116 942 Neronis
1140 903 1278 941 anno
1298 904 1422 953 xm,
1443 892 1566 958 post
1585 887 1887 958 passionem
1907 903 2125 952 xxxva,
2150 888 2319 958 capite
2341 893 2609 942 truncatu

274 977 380 1038 est,
405 972 659 1044 Capitone
683 981 736 1028 et
755 973 911 1028 Ruffo
934 990 1095 1038 coss„
1124 973 1326 1027 iuliano
1352 988 1480 1027 cm.
1527 971 1751 1026 Neronis
1774 972 1981 1026 initium
2006 972 2228 1042 contigit
2246 979 2369 1044 post
2389 979 2612 1027 mortem

276 1057 499 1123 Claudii,
532 1058 734 1114 Iuliano
758 1075 931 1126 και,
964 1065 1085 1131 post
1108 1075 1187 1114 nr.
1211 1057 1324 1113 Eid.
1351 1057 1559 1114 Octobr.
1628 1057 1768 1128 Ergo
1793 1074 1962 1112 annus
1984 1075 2092 1112 xxv.
2116 1059 2289 1129 coepit
2311 1045 2378 1111 ab
2403 1058 2613 1113 Octobri

275 1144 399 1197 anni
420 1143 611 1198 {unani
634 1161 763 1199 exn.
799 1145 905 1199 Sed
928 1145 1276 1215 Hieronymus
1300 1143 1577 1198 manifeste
1602 1159 1768 1197 annos
1791 1143 2060 1198 exorditur
2085 1144 2151 1198 ab
2175 1143 2498 1198 antecedenti
2519 1159 2610 1215 pa·

275 1226 471 1282 schate.
522 1229 769 1302 Adeoque
794 1247 861 1285 ex
885 1231 996 1284 eius
1018 1230 1287 1284 ratiocinio
1310 1230 1544 1301 passioni
1568 1230 1766 1283 domini
1796 1246 1967 1283 annus
1999 1229 2282 1283 adstruitur
2303 1248 2482 1284 nxxvr.
2531 1229 2614 1283 Ita

276 1313 485 1381 Petrus,
509 1316 691 1370 eodem
714 1318 1030 1386 Hieronymo
1056 1321 1214 1380 teste,
1239 1333 1376 1369 anno
1395 1335 1452 1370 n.
1477 1315 1681 1369 Claudii
1703 1315 1925 1368 Romam
1949 1315 2181 1381 advenit,
2206 1315 2296 1369 ubi
2319 1334 2424 1368 xxv
2444 1329 2610 1369 annos

278 1400 529 1455 eeclesiae
550 1402 802 1474 praefuit,
828 1408 879 1455 et
902 1419 1103 1456 xxxva.
1129 1407 1251 1472 post
1264 1402 1563 1471 passionem
1587 1417 1752 1466 anno,
1785 1400 2003 1455 Neronis
2028 1419 2133 1456 xxv.
2149 1442 2163 1467 ,
2199 1418 2315 1455 cum
2338 1400 2500 1455 Paulo
2522 1418 2612 1455 ne·

279 1489 425 1540 catus
448 1491 546 1541 est.
618 1486 854 1557 Denique
882 1487 1354 1556 Hierosolymitana
1376 1486 1548 1539 clades
1573 1486 1762 1540 accidit
1783 1503 1922 1540 anuo
1945 1504 2031 1540 η.
2055 1494 2174 1557 post
2196 1488 2517 1557 passionem,
2551 1492 2614 1542 ut

279 1577 476 1625 veteres
494 1573 730 1644 plerique
748 1578 1019 1638 testantur,
1041 1572 1391 1641 Hieronymus
1404 1610 1418 1636 ‚
1439 1570 1700 1625 Eusebius
1723 1571 1811 1626 lib.
1832 1590 1911 1626 ιιι.
1929 1573 2059 1628 Hist.
2085 1588 2196 1644 cap.
2211 1589 2341 1638 vm„
2364 1579 2418 1626 et
2438 1573 2609 1629 libat.

279 1656 341 1709 de
362 1657 660 1711 Demonstr.
693 1673 805 1729 cap.
827 1673 958 1723 xva,
991 1656 1394 1727 Ohrysostomns
1435 1672 1496 1709 ac
1524 1657 1729 1727 reliqui.
1797 1657 1995 1710 Eversa
2027 1663 2148 1711 sunt
2172 1663 2350 1711 autem
2373 1658 2612 1712 Hieroso-

278 1741 421 1811 lyma
440 1759 582 1796 anno
613 1742 841 1797 secundo
864 1741 1199 1813 Vespasiani,
1229 1740 1431 1796 Iuliano
1463 1758 1603 1796 anno
1629 1757 1747 1796 cxv.
1816 1741 2037 1796 Proinde
2059 1759 2196 1796 anno
2221 1761 2397 1799 um.
2424 1742 2616 1798 Ghrisu

278 1829 453 1898 passio
477 1829 737 1899 congruit.
787 1827 1035 1881 Caeterea
1057 1844 1123 1881 ex
1148 1826 1357 1881 Dekerii
1380 1834 1432 1881 et
1452 1827 1661 1898 Kepleri
1683 1829 2071 1883 commentariis
2092 1828 2372 1900 repetenda
2395 1835 2533 1883 sunt.

411 1914 482 1966 At
502 1929 755 1984 urgemur
777 1912 1079 1983 Phlegontis
1103 1913 1359 1983 imprimis
1384 1919 1437 1966 et
1457 1912 1628 1966 Thalli
1656 1914 1955 1966 testimonio
1971 1953 1984 1977 ‚
2020 1914 2111 1984 qui
2142 1929 2278 1968 anno
2302 1933 2372 1968 rv.
2405 1914 2612 1986 Olymp.

281 2013 370 2053 on.
393 1996 698 2053 horribilem
721 1999 848 2053 solis
872 1999 1089 2070 eclipsin
1113 1998 1361 2052 accidisse
1383 2003 1702 2063 memorant,
1727 1997 1823 2051 hoc
1848 2005 1926 2051 est
1952 1998 2154 2052 Iuliano
2181 2016 2431 2066 aurun,
2453 2015 2616 2072 quam

278 2084 420 2137 illam
443 2084 617 2154 ipsam
640 2099 757 2137 esse
781 2099 915 2154 quae
937 2084 1038 2138 sub
1062 2083 1260 2137 domini
1280 2100 1461 2137 necem
1485 2084 1731 2153 contigit,
1765 2084 1964 2154 antiqui
1999 2091 2171 2154 patres
2195 2085 2614 2156 interpretantur,

280 2167 586 2235 Africanus,
615 2169 989 2239 Hieronymus,
1024 2170 1283 2223 Eusebius
1307 2175 1359 2222 et
1382 2169 1483 2222 alii.
1553 2169 1664 2222 Hoc
1689 2174 1998 2238 argumento
2021 2170 2220 2223 instant
2241 2170 2319 2224 illi
2339 2172 2615 2243 praecipue

282 2255 369 2325 qui
401 2254 557 2325 plura
591 2270 752 2324 quam
784 2256 885 2309 tria
916 2254 1169 2327 paschata
1202 2254 1470 2308 dominum
1505 2255 1749 2324 exegisse
1781 2254 2124 2321 contendunt,
2159 2271 2329 2327 neque
2361 2257 2486 2311 satis
2518 2271 2614 2328 pu·

280 2338 451 2394 dentis
486 2354 605 2394 esse
639 2338 866 2394 hominis
902 2340 1206 2394 existimant
1238 2346 1413 2394 tantae
1448 2340 1739 2394 autoritatis
1768 2340 2086 2410 praeiudicio
2117 2357 2180 2395 ac
2200 2346 2282 2395 tot
2302 2343 2616 2413 scriptorum

280 2426 617 2479 consensioni
636 2426 903 2497 refragari.
972 2425 1078 2480 Sed
1099 2425 1227 2479 illud
1248 2426 1503 2496 imprimis
1527 2426 1646 2479 volo
1668 2424 1798 2478 mihi
1818 2426 2191 2496 respondeant,
2224 2443 2383 2481 eosne
2416 2434 2615 2498 putent,

281 2525 314 2563 a
334 2511 530 2581 quibus
553 2509 856 2582 Phlegontis
879 2512 1233 2565 testimonium
1262 2511 1574 2577 didicerunt,
1609 2510 1951 2582 Phlegontem
1983 2512 2159 2583 ipsum
2189 2513 2396 2584 legisse.
2466 2513 2616 2579 Quod

281 2597 371 2651 ubi
393 2596 626 2653 confessi
652 2597 870 2664 fuerint,
905 2603 1017 2652 tum
1052 2596 1177 2667 quid
1209 2614 1431 2652 caussae
1464 2599 1532 2652 sit
1564 2596 1850 2668 explicent,
1884 2615 1977 2651 cur
2010 2597 2166 2653 iidem
2201 2600 2292 2671 qui
2324 2600 2493 2653 solare
2527 2599 2615 2655 do·

279 2682 531 2753 liquium,
564 2683 704 2754 quod
727 2699 761 2735 a
780 2682 1067 2754 Phlegonte
1090 2689 1536 2749 commemoratur,
1566 2683 1697 2737 illud
1728 2699 1844 2737 esse
1875 2689 2113 2737 statuunt
2141 2685 2281 2755 quod
2302 2686 2401 2740 sub
2425 2685 2617 2740 Christi

280 2770 584 2840 passionem
606 2769 852 2839 contigit,
881 2770 1115 2840 passioni
1134 2775 1310 2822 tamen
1330 2770 1434 2839 ipsi
1456 2785 1560 2823 nou
1585 2774 1830 2839 quartum
1853 2768 2178 2839 Olympiadis
2201 2786 2397 2824 annum
2420 2771 2512 2824 sed
2535 2787 2616 2825 se·

282 2854 512 2909 eundum
532 2855 807 2907 tertiumve
829 2854 1153 2925 praefiniunt.
1214 2854 1488 2907 Africanus
1523 2855 1664 2906 enim
1696 2853 1834 2924 apud
1864 2853 2242 2924 Hieronymum
2275 2855 2330 2908 in
2362 2861 2518 2926 caput
2539 2874 2614 2912 rx.

282 2939 440 3005 Dan„
464 2946 519 2992 et
541 2939 595 2993 in
618 2938 830 2993 Eusebii
850 2939 1159 3010 fragmentis
1180 2954 1303 3010 pag.
1322 2937 1430 3004 63„
1453 2937 1718 2992 Christum
1740 2954 1956 3009 passum
1981 2941 2207 2993 assernit
2227 2956 2363 2994 anno
2388 2941 2615 2994 secundo

284 3024 491 3096 Olymp.
512 3040 641 3080 σου.
657 3064 670 3089 ,
703 3025 962 3079 Eusebius
992 3031 1047 3078 et
1067 3025 1416 3094 Hieronymus
1447 3040 1587 3077 anno
1610 3024 1780 3080 tertio.
1852 3023 1987 3088 Quid
2020 3031 2194 3078 autem
2229 3025 2501 3079 absurdius
2535 3030 2618 3080 est

284 3127 443 3182 quam
476 3109 779 3181 Phlegontis
814 3111 1061 3164 adversus
1097 3111 1319 3181 gentiles
1353 3110 1628 3164 autoritate
1672 3115 1827 3180 atque
1871 3111 2052 3181 eclipsi
2085 3110 2176 3164 illa
2208 3110 2335 3164 solis
2370 3117 2616 3178 utentem,

285 3213 443 3267 quam
464 3197 513 3250 is
538 3202 720 3267 quarto
754 3211 892 3250 anno
928 3196 1211 3266 contigisse
1245 3194 1470 3261 dixerat,
1505 3212 1613 3249 non
1647 3194 1815 3249 eidem
1851 3211 1990 3250 anno
2022 3197 2322 3267 passionem
2355 3198 2615 3251 tribuere?

285 3281 636 3347 Quamobrem
659 3298 725 3335 ne
753 3282 885 3335 tanti
917 3282 1147 3352 stuporis
1179 3286 1336 3352 atque
1370 3281 1624 3347 inscitiae,
1660 3282 1767 3335 imo
1799 3282 2296 3351 praevaricationis,
2320 3284 2617 3354 gravissimi

283 3367 360 3421 illi
390 3374 566 3439 patres
589 3372 887 3438 arguantur,
921 3382 983 3421 eo
1008 3367 1215 3421 demum
1237 3369 1531 3422 necessario
1551 3367 1836 3437 redigimur
1859 3373 1919 3420 ut
1939 3366 2241 3438 Phlegontis
2258 3370 2616 3424 testimonium

283 3452 414 3506 illud
436 3452 624 3506 vitiose
659 3453 727 3506 ab
761 3453 1011 3517 librariis,
1047 3460 1137 3506 aut
1169 3453 1486 3523 Hieronymo
1512 3455 1628 3524 ipso
1653 3452 1887 3507 dicamus
1919 3453 1973 3506 in
1999 3452 2267 3508 Chronicis
2291 3472 2615 3527 expressum.

286 3537 427 3592 Sane
460 3539 515 3591 in
542 3537 742 3593 Graeco
763 3537 977 3591 Eusebii
1006 3537 1260 3593 Chronico
1293 3553 1416 3609 pag.
1447 3539 1559 3591 118.
1592 3539 1670 3591 ita
1702 3539 1954 3608 scriptum
1988 3546 2090 3592 est:
2139 3543 2213 3610 τῷ
2237 3538 2292 3592 δὲ
2313 3537 2405 3592 ἔτει
2426 3545 2510 3607 τῆς
2533 3538 2614 3610 σβ’

287 3621 653 3694 Ὀλυμπιάδοςς
678 3632 739 3678 ut
759 3630 1007 3694 appareat
1028 3625 1271 3678 extritam
1294 3623 1457 3678 fuisse
1480 3624 1800 3678 numeralem
1824 3630 2028 3690 notam,
2051 3641 2145 3695 pro
2170 3641 2275 3695 qua
2298 3633 2615 3696 anagnostes

286 3708 603 3779 Hieronymo
627 3706 690 3775 δ’,
714 3709 768 3763 id
790 3716 869 3762 est
892 3715 1131 3779 quartum
1156 3724 1353 3762 anuum
1376 3709 1586 3779 legerit,
1612 3724 1732 3762 cum
1755 3714 1896 3762 esset
1915 3710 2191 3763 coniuncto
2217 3710 2286 3762 δέ.
2342 3711 2412 3764 At
2430 3711 2615 3781 Keple-

288 3811 375 3848 rus
396 3796 451 3848 in
474 3794 685 3866 Eclogis
708 3794 1049 3864 Phlegontem
1080 3795 1371 3865 suspicatur
1404 3793 1468 3847 de
1503 3795 1610 3846 alia
1642 3793 1768 3846 solis
1802 3794 1984 3866 eclipsi
2015 3796 2273 3861 locutum,
2308 3812 2442 3866 quae
2476 3812 2613 3849 auno

287 3881 453 3951 primo
485 3881 691 3951 Olymp.
718 3894 846 3935 corr.
885 3881 1131 3950 contigit,
1162 3879 1292 3933 Nov.
1316 3897 1484 3944 xxiv„
1520 3895 1660 3932 anno
1683 3879 1880 3933 iuliano
1904 3896 2108 3945 unm,
2144 3896 2379 3951 quaeque
2411 3882 2465 3934 in
2491 3880 2617 3934 Asia

287 3967 369 4019 vel
386 3965 541 4037 Syria
561 3965 738 4019 totalis
760 3965 886 4031 fuit,
910 3964 1039 4019 hora
1061 3982 1165 4020 una
1187 3972 1343 4035 atque
1365 3966 1527 4019 altera
1550 3970 1674 4017 ante
1697 3965 1980 4017 meridiem.
2031 3965 2183 4030 Quod
2206 3983 2323 4020 cum
2342 3966 2614 4020 Africanus

290 4058 341 4105 et
361 4052 451 4105 alii
475 4052 541 4105 ad
564 4068 681 4105 eam
706 4051 1067 4122 Olympiadem
1100 4067 1204 4121 qua
1235 4066 1424 4121 passus
1457 4056 1536 4103 est
1568 4049 1811 4103 domiuus
1847 4052 2122 4104 convenire
2153 4057 2442 4116 cernerent,
2474 4051 2613 4106 idem

287 4137 413 4191 illud
431 4136 719 4208 deliquium
735 4138 861 4191 solis
884 4154 1000 4191 esse
1023 4136 1122 4190 sibi
1139 4141 1509 4207 persuaserunt
1530 4135 1670 4206 quod
1689 4133 1889 4189 Christo
1907 4137 2134 4206 patiente
2147 4141 2351 4208 praeter
2372 4143 2615 4191 naturam

290 4228 546 4277 evomat.
615 4222 881 4277 Postremo
905 4239 1025 4276 cum
1050 4221 1292 4275 obductio
1312 4221 1405 4274 illa
1427 4221 1557 4274 lucis
1580 4221 1831 4274 naturalis
1854 4238 1960 4274 non
1986 4221 2171 4286 fuerit,
2202 4237 2372 4290 neque
2405 4237 2475 4274 ex
2501 4238 2614 4275 ma-

2660 730 2704 773 p.
2723 719 2810 761 1¹1⁸·

288 4305 580 4363 &amaricis
604 4309 794 4363 tabulis
815 4307 1055 4379 indagari
1075 4307 1329 4379 potuerit,
1352 4323 1461 4361 non
1482 4305 1692 4360 aliunde
1713 4305 1968 4376 Phlegon,
1993 4307 2042 4358 si
2064 4307 2176 4359 elus
2197 4306 2512 4361 mentionem
2536 4313 2615 4361 at-
2665 4337 2709 4378 1³·
2729 4328 2815 4370 m,

290 4394 431 4464 tigit,
469 4410 629 4465 quam
663 4411 728 4457 ex
762 4395 983 4448 aliorum
1006 4392 1369 4448 testificatione
1392 4393 1535 4445 illam
1560 4392 1831 4462 competit;
1865 4392 1919 4443 in
1957 4407 2059 4460 quo
2093 4390 2246 4444 facile
2277 4392 2422 4445 locus
2456 4395 2617 4449 errori

288 4478 413 4545 fuit,
446 4485 507 4533 ut
538 4480 668 4533 alter
688 4496 783 4551 pro
806 4481 969 4532 altero
994 4496 1163 4533 annus
1187 4479 1256 4533 ab
1279 4494 1341 4532 eo
1364 4477 1778 4531 substitueretur.
1848 4476 2002 4529 Aliud
2032 4493 2102 4529 ex
2125 4476 2364 4545 Dionysii
2384 4478 2611 4551 Areopa-

288 4566 427 4636 gitae
461 4565 679 4619 historia
707 4566 842 4619 solet
875 4565 1047 4619 obiici.
1114 4565 1211 4619 Hic
1241 4566 1380 4618 enim
1410 4562 1573 4633 Epist.
1599 4580 1690 4619 vn.
1714 4563 1780 4616 ad
1801 4562 2144 4634 Polycarpum
2176 4579 2444 4634 exponens
2480 4580 2613 4636 quae

286 4652 400 4728 ipso
436 4650 701 4721 passionis
734 4657 968 4722 tempore
1011 4666 1129 4707 cum
1162 4647 1521 4722 Apollophane
1553 4648 1810 4719 Heliopoli
1842 4646 2067 4715 viderat,
2105 4649 2448 4721 plenilunium
2487 4657 2614 4708 tune
