3185 5219
2200 403 2583 461 CCCXXXVII

254 574 316 627 de
338 573 549 643 publica
570 573 909 627 confessione
933 575 1164 644 vulgaris
1190 574 1365 643 opinio
1467 574 1732 628 Diluvium
1788 583 1949 645 quoto
1996 591 2134 629 anuo
2178 576 2247 629 sb
2292 576 2418 629 erbe
2462 592 2583 629 con·

319 659 567 712 refellitur
1251 658 1368 711 241.

1537 659 1645 712 dito
1682 660 1913 712 extiterit
2534 661 2584 714 5.

256 762 342 813 pro
392 743 743 798 Confessioue
780 745 986 813 publica
1019 744 1261 813 Origenis
1295 750 1370 796 te-
1472 745 1739 798 Diluvium
1793 760 1897 814 quo
1949 750 2183 816 tempore
2234 746 2467 798 extiterit
2518 761 2585 799 ex

324 830 576 883 stimouia
654 829 1018 899 expenduntur
1071 829 1188 882 248.
1259 829 1373 898 ejus

319 917 440 968 loca
473 915 800 985 explicantur
1258 913 1375 969 249.

1479 915 1718 983 Dionysii
1756 916 2100 985 Areopagitae
2135 914 2328 969 dictum

1542 844 1801 883 annorum
1835 845 1959 883 vera
1992 832 2359 901 supputatione
2509 832 2587 885 11.

2474 915 2584 970 179.

259 1000 573 1054 Consulares
609 1000 724 1070 qui,
757 1002 885 1053 item
922 1000 1012 1069 qui
1035 998 1372 1070 triumphales
1475 999 1751 1053 Dositheos
1813 1001 2106 1070 complures
2169 1002 2411 1054 extitisse
2465 1008 2587 1053 ante

260 1170 824 1239 constantinopolitani
885 1185 989 1240 quo
1043 1170 1131 1223 die
1183 1083 1375 1224 clxiiii}

323 1257 646 1326 baptismum
683 1256 1003 1309 celebrarent
1266 1255 1376 1308 183.

269 1341 682 1396 constitutiones
727 1341 1056 1410 Apostolicae
1099 1341 1239 1393 varie
1281 1341 1377 1393 cir-

326 1427 687 1481 cumferentur
723 1467 730 1474 .
1264 1425 1380 1479 291.

1541 1093 1599 1139 et
1632 1092 1749 1156 post
1784 1085 2048 1139 Christum
2503 1085 2586 1139 26.

1481 1171 1728 1241 Drungus
1760 1187 1866 1224 vox
1902 1185 1936 1223 a
1967 1170 2339 1224 recentioribus
2376 1170 2590 1223 Graecis

1543 1266 1598 1310 et
1631 1256 1827 1311 Latinis
1870 1263 2117 1327 usurpata
2507 1255 2588 1310 85.

2005 1399 2073 1461 Ε.

266 1516 517 1583 Gopiatae
540 1514 651 1566 sive
674 1512 988 1582 vespillones
1012 1518 1167 1581 etque
1201 1511 1381 1564 decani
1483 1514 1842 1568 Ebionitsrum
1898 1521 2039 1566 secta
2101 1512 2308 1583 quando
2368 1513 2594 1584 primum

331 1600 424 1669 qui
1262 1595 1379 1652 829.

266 1685 485 1737 Guthaei
511 1683 647 1737 unde
667 1682 817 1747 dicti,
842 1691 894 1735 et
916 1697 982 1735 an
1004 1682 1201 1736 fuerint
1222 1681 1378 1735 iidem

332 1771 423 1839 qni
459 1769 654 1822 Gndsei
1296 1766 1380 1820 21.

269 1853 459 1924 Gyclus
497 1853 688 1924 duplex
714 1860 768 1906 et
790 1853 1214 1906 embolismorum
1249 1853 1381 1905 ratio

270 2024 460 2094 Cyclas
497 2024 749 2078 Judaicus
791 2030 843 2077 et
877 2023 991 2093 ejus
1026 2022 1384 2094 opportunitas

335 2109 629 2163 declaratur
1275 2107 1385 2161 169.

270 2195 462 2264 Cyclus
497 2195 694 2249 lunaris
729 2203 784 2247 et
816 2194 930 2264 ejus
967 2193 1175 2247 initium
1266 2192 1383 2248 300.

272 2280 463 2350 chlus
508 2280 1002 2334 decemnovennalis
1046 2280 1244 2351 primus
1279 2294 1389 2331 om·

340 2366 493 2418 nium
527 2372 608 2418 est
1271 2363 1388 2417 299.

274 2449 422 2520 cycli
456 2450 661 2504 Judaici
697 2450 969 2522 προήγησις
1004 2449 1162 2502 tridui
1195 2451 1278 2503 vel
1315 2449 1390 2503 bi·

349 2535 440 2588 dui
468 2535 602 2599 163„
639 2535 1061 2590 accommodatur
1083 2534 1150 2587 ad
1174 2533 1392 2605 Epipha-

343 2622 419 2675 uii
463 2622 623 2675 verba
661 2622 787 2676 ibid.
833 2623 997 2676 altera
1037 2622 1268 2694 ejusdem
1307 2637 1394 2689 cy·

343 2707 410 2760 cli
433 2708 565 2761 rstio
594 2708 723 2773 154„
756 2707 1146 2762 accommodate
1168 2706 1236 2760 ad
1271 2722 1396 2759 eun-

348 2792 468 2846 dem
505 2791 851 2863 Epiphanium
895 2793 1023 2857 165„
1058 2793 1227 2863 prima
1262 2792 1395 2845 ratio

345 2878 495 2932 alteri
528 2878 888 2948 anteponenda
921 2878 1124 2932 videtur
1287 2877 1395 2932 165.

284 2961 429 3032 cycli
476 2963 773 3017 declarandi
815 2979 881 3016 ex
919 2963 1236 3017 Judaeorum
1274 2979 1394 3016 usu-

345 3048 478 3101 ratio
539 3070 552 3089 ·
1284 3049 1393 3102 162.

283 3132 562 3202 chlorum
625 3148 688 3186 sc
732 3135 1034 3187 coelestium
1080 3134 1396 3188 observatio-

348 3234 476 3272 num
514 3235 640 3272 usus
676 3219 733 3272 iu
767 3218 1108 3290 chronologia
1283 3219 1395 3274 106.

809 3358 880 3425 1).

285 3474 615 3530 Decimrum
639 3476 740 3529 tris
763 3490 958 3545 genera
979 3476 1115 3546 apud
1136 3476 1397 3530 Hebraeos

1313 3561 1398 3617 33.

288 3644 599 3700 Defensores
636 3648 886 3701 ecclesiae
920 3648 1010 3717 qui
1043 3648 1300 3712 dicantur,
1339 3656 1401 3702 et

352 3748 546 3785 nomen
570 3749 687 3786 esse
711 3733 872 3786 officii
896 3750 999 3786 nou
1036 3734 1246 3797 ordinis,
1281 3733 1398 3789 805.

291 3818 582 3872 Demetrius
643 3825 993 3887 cognomento
1041 3816 1278 3886 Εὔκαιρος
1329 3835 1397 3871 an

356 3921 448 3975 pro
506 3904 799 3958 Alexandro
862 3904 1019 3957 fuerit
1079 3906 1280 3972 positus
1333 3904 1399 3955 ab

356 3990 645 4061 Epiphanio
1319 3988 1401 4042 89.

294 4070 730 4130 Diaconisssrum
756 4090 883 4128 usus
914 4081 966 4127 et
987 4074 1284 4127 institutum
1319 4089 1402 4125 ve-

357 4169 442 4215 tus
1288 4156 1406 4212 848.

299 4245 507 4317 Digami
561 4262 596 4299 a
637 4246 802 4300 sacris
856 4245 1120 4299 ordinibus
1169 4251 1410 4298 arcent-ur

304 4416 510 4488 Digami
533 4417 798 4487 quomodo
821 4417 876 4469 in
901 4416 1122 4470 ecclesis
1145 4415 1308 4471 veteri
1333 4422 1413 4469 to-

361 4504 663 4557 lerabantur
682 4501 818 4567 343„
845 4502 1076 4572 digamia
1093 4502 1284 4572 triplex
1295 4502 1414 4557 344.

366 4588 430 4642 de
463 4588 692 4659 digamis
729 4589 905 4658 opinio
939 4588 1300 4642 iurisconsulti
1335 4603 1413 4640 re·

369 4674 579 4730 fellitur.
614 4675 739 4727 ibid.

500 4776 634 4827 corp.
659 4777 915 4818 Hsereseol.
939 4776 1015 4817 111.

1550 1601 1818 1653 emerserit
1867 1599 1969 1664 55„
2020 1606 2153 1669 quot
2190 1614 2370 1652 eorum
2404 1613 2597 1668 genera

1549 1685 1760 1738 suerint.
1828 1683 1960 1737 Ibid.

1482 1769 1747 1822 Ecclesiae
1770 1770 1898 1822 ritus
1922 1775 2122 1822 veteres
2144 1769 2297 1823 hodie
2318 1770 2599 1822 retineren-

1552 1863 1664 1918 tur,
1703 1863 1760 1907 ut
1792 1871 1859 1907 ex
1898 1852 2183 1924 Epiphanio
2220 1861 2427 1908 constat
2465 1852 2601 1917 342„

1554 1955 1622 1992 ex
1684 1938 1766 1992 his
1830 1939 2042 2009 quidam
2103 1939 2412 1993 adnotantur
2473 1938 2598 1993 ibid.

1491 2023 1712 2094 Eclipsis
1757 2025 1883 2078 solis
1904 2025 2100 2078 Romae
2127 2025 2316 2095 iugens
2335 2039 2439 2095 quo
2457 2038 2599 2079 suno

1557 2113 1831 2180 Angustus
1866 2110 2003 2163 obiit
2489 2108 2603 2164 118.

1490 2195 1631 2249 Elias
1665 2195 1940 2249 Thesbites
1975 2202 2029 2249 et
2060 2196 2123 2250 de
2146 2195 2260 2265 ejus
2295 2195 2464 2265 patris
2499 2194 2602 2248 dis·

1557 2281 1770 2352 quisitio
2482 2279 2601 2334 219.

1491 2382 1663 2421 annus
1689 2374 1905 2420 octavus
1929 2366 2030 2418 fuit
2047 2365 2452 2435 Embolymaeus
2486 2364 2604 2419 300.

1491 2439 1995 2506 Embolismseorum
2036 2451 2170 2505 ratio
2205 2451 2342 2522 apud
2375 2450 2605 2506 Judaeos

2491 2535 2601 2589 152.

1496 2623 1803 2678 Embolismi
1839 2624 2196 2694 praecipitatio
2484 2620 2605 2676 302.

1496 2709 1795 2765 Bncratitae
1826 2708 2072 2762 haeretici
2110 2708 2319 2778 quando
2338 2724 2455 2761 esse
2488 2721 2607 2758 coe-

1564 2796 1734 2864 perint
2524 2790 2607 2846 84.

1500 2878 1682 2950 Ephod
1727 2881 1921 2932 summi
1955 2878 2238 2932 sacerdotis
2282 2874 2411 2947 quid
2454 2875 2612 2929 fuerit

1563 2965 1665 3029 32.,
1702 2981 1736 3017 e
1759 2965 1948 3034 quibus
1970 2965 2276 3034 gestabatur
2306 2962 2450 3025 ibid„
2485 2977 2612 3031 quo·

1565 3050 1720 3103 modo
1759 3049 2177 3118 distinguebatur
2210 3048 2279 3101 ab
2302 3045 2482 3118 Ephod
2518 3047 2611 3099 lai-

1569 3151 1749 3188 corum
1783 3134 1910 3189 ibid.
2652 3120 2657 3125 ⁶

1498 3220 1818 3292 Epiphanius
1890 3229 2124 3291 tempora
2194 3219 2613 3289 persecutionum

1567 3324 1677 3361 nou
1710 3315 1848 3360 recto
1886 3306 2065 3359 ordine
2099 3306 2429 3376 prosequitur
2499 3304 2615 3359 254.

1503 3391 1825 3464 Epiphanius
1855 3393 1921 3444 ab
1943 3392 2120 3462 inepta
2135 3391 2390 3460 Scaligeri
2412 3405 2616 3460 reprae-

1568 3477 1823 3531 hensione
1857 3477 2146 3531 vindicatur
2506 3475 2617 3530 170.

1503 3563 1824 3634 Epiphanius
1887 3579 1990 3632 quo
2047 3569 2281 3632 tempore
2342 3578 2474 3631 opus
2518 3562 2617 3614 hoc

1568 3666 1722 3703 suum
1758 3663 2043 3718 aggressus
2078 3654 2158 3701 est
2566 3647 2616 3702 4.

1500 3734 1772 3806 Epiphanii
1805 3734 1978 3804 opinio
2012 3734 2073 3787 de
2104 3734 2281 3788 liberis
2307 3734 2484 3807 Josiae
2525 3734 2618 3798 19„

1577 3821 1701 3873 item
1728 3818 1791 3872 de
1823 3819 2063 3872 colonis
2047 3835 2101 3872 in
2137 3802 2429 3873 Samarium
2452 3826 2620 3871 trans-

1568 3905 1772 3958 misssis
1802 3904 1884 3958 20.
1900 3943 1913 3968 ,
1954 3906 2079 3957 item
2107 3903 2171 3958 de
2196 3904 2361 3957 Esdra
2388 3920 2420 3956 a
2445 3903 2621 3957 Nabu-

1571 3988 1930 4043 chodonosore
1982 3991 2142 4042 misso
2196 3990 2306 4054 21.·,
2357 3990 2411 4042 in
2455 3994 2622 4041 secta·

1575 4091 1690 4127 rum
1725 4075 2043 4127 Judaeomm
2080 4090 2141 4127 ac
2175 4073 2619 4128 Samaritanorum

1575 4160 1872 4230 partitione.
1905 4159 2047 4222 ibid„
2083 4176 2189 4214 uon
2223 4165 2363 4213 recte
2396 4158 2621 4211 Essenos

1581 4245 1857 4315 coniungit
1878 4261 1997 4298 cum
2023 4244 2365 4298 samaritanis
2400 4241 2503 4307 23„
2526 4242 2624 4295 De-

1580 4332 1827 4384 metrium
1862 4331 2062 4400 accepit
2093 4347 2185 4400 pro
2209 4328 2504 4382 Alexandro
2522 4325 2624 4392 89.,

1582 4417 1648 4468 de
1692 4417 1826 4469 serie
1871 4416 2160 4485 principum
2205 4413 2271 4467 de
2314 4413 2453 4467 tribu
2488 4412 2627 4466 Juds

1583 4501 1847 4571 quomodo
1872 4507 1990 4571 apte
2009 4501 2201 4555 sentiet
2220 4499 2328 4565 51„
2353 4499 2417 4553 de
2427 4499 2627 4553 Jacobo

1584 4587 1788 4639 minore
1813 4585 1914 4649 52,
1949 4587 2074 4639 item
2110 4585 2172 4638 de
2196 4585 2393 4639 Jacobo
2409 4585 2625 4655 Josephi

1583 4672 1694 4727 filio
1730 4671 1871 4737 ibid„
1905 4671 2087 4742 lapsus
2121 4673 2405 4727 memoriae
2438 4672 2540 4736 59„
2563 4671 2627 4725 de
