3185 5219
561 354 710 419 LXII

550 520 901 588 fabricatum,
935 522 1197 587 omniaque
1211 534 1312 587 per
1332 522 1496 588 t'psnmt
1507 519 1670 586 sacta
1705 526 1756 570 et
1772 520 1882 570 aine
1914 519 2026 587 ipso
2052 515 2183 569 nihil
2203 519 2521 586 essesactun
2544 522 2758 569 tenuato·
2774 532 2897 585 apo-

562 606 743 669 stolus,
769 622 835 657 ac
858 606 1354 657 mendacissimorum
1378 603 1629 656 hominnm
1654 608 1751 656 etc.

697 689 760 743 N.
787 708 856 742 iv.
889 687 1008 742 Ὅτι
1034 689 1245 755 Μωῦσῆς
1270 687 1392 758 πρὸς
1415 688 1503 755 τὴν
1527 687 1963 759 σκληροκαρδίαν]
1995 687 2235 753 Quonam
2252 693 2405 759 pacto
2422 688 2599 742 Moses
2622 687 2676 741 id
2691 685 2897 741 Iudaeis

561 776 854 847 permiserit
897 780 951 828 et
984 780 1236 844 quatenus
1272 773 1578 828 Christianis
1627 774 1904 827 divortium
1946 773 2116 827 facere
2159 776 2333 839 liceat,
2378 775 2615 845 pluribus
2658 771 2897 826 catholici

562 862 868 931 interpretes
903 861 967 913 ad
1002 859 1186 914 Matth.
1217 878 1329 914 xix.
1364 860 1632 932 disputare
1677 860 1874 926 solent,
1922 876 2143 931 quorum
2183 861 2585 914 commentarios
2625 848 2896 914 consulere

562 948 782 1018 quisque
804 952 992 1018 potest.
2389 1014 2394 1019 ῃ

697 1033 869 1103 Δῶρον
893 1035 966 1102 τῷ
991 1031 1131 1102 θεῷ]
1178 1031 1275 1086 Hic
1308 1036 1388 1085 est
1411 1031 1748 1085 difficillimus
1771 1033 1859 1086 ille
1884 1048 1951 1086 ex
1975 1030 2229 1085 Matthaei
2251 1048 2312 1085 ac
2335 1032 2499 1086 Marci
2521 1031 2794 1102 evangelio
2817 1029 2894 1084 lo-

561 1134 679 1183 cus,
712 1134 866 1188 quem
902 1135 996 1189 pro
1039 1118 1245 1171 diversa
1276 1119 1694 1188 interpunctione
1727 1119 1866 1170 varie
1899 1118 2206 1188 interpretes
2243 1124 2567 1189 acceperunt.
2626 1116 2763 1171 Nam
2803 1119 2897 1169 aut

560 1205 777 1258 verbum
801 1202 1057 1274 ὠφεληθῇς
1081 1219 1200 1256 cum
1225 1203 1650 1257 antecedentibus
1674 1205 1944 1273 copulatur
1966 1202 2062 1257 hoc
2086 1205 2267 1258 modo:
2327 1204 2516 1275 Δῶρον,
2540 1200 2570 1255 ὃ
2594 1200 2675 1255 ἐὰν
2700 1200 2750 1264 ἐξ
2772 1201 2894 1272 ἐμοῦ

563 1289 841 1361 ὠφεληθῇς,
865 1288 1004 1360 apud
1026 1290 1263 1342 Marcum
1285 1305 1435 1354 vero,
1471 1285 1664 1358 Κορβὲιν
1688 1287 1740 1359 (ὃ
1765 1286 1865 1341 ἐστι
1890 1290 2074 1360 δῶρον)
2095 1288 2126 1341 ὃ
2150 1287 2232 1342 ἐὰν
2254 1287 2305 1351 ἐξ
2327 1287 2447 1360 ἐμοῦ
2479 1286 2760 1358 ὠφεληθῇςε
2803 1291 2899 1341 aut

559 1377 695 1430 inter
729 1373 851 1445 ἐμοῦ
884 1382 937 1428 et
961 1373 1216 1444 ὠφεληθῇς
1251 1374 1600 1428 distinctionis
1632 1383 1758 1429 nota
1790 1376 2015 1444 ponitur.
2074 1375 2417 1429 Posteriorem
2452 1373 2586 1428 hanc
2614 1374 2897 1428 lectionem

560 1463 722 1532 vulgo
745 1459 931 1515 Graeci
960 1461 1164 1514 codices
1191 1459 1387 1514 habent
1416 1476 1639 1531 eamque
1661 1459 1879 1514 Latinus
1901 1462 2156 1532 interpres
2179 1461 2428 1532 sequitur.
2463 1459 2597 1513 Nam
2620 1458 2697 1512 ita
2715 1459 2893 1511 vertit:

563 1548 751 1600 Munus
773 1549 1097 1618 quodcunque
1120 1555 1196 1598 est
1215 1564 1277 1597 ex
1299 1563 1397 1611 me,
1423 1547 1517 1600 tihi
1532 1549 1791 1617 proderit:
1814 1546 2027 1618 perinde
2049 1562 2111 1600 ac
2135 1549 2182 1601 si
2202 1548 2279 1600 ita
2299 1546 2551 1617 scriptum
2573 1549 2736 1598 esset:
2760 1541 2791 1596 δ
2813 1541 2895 1595 ἂν

495 1662 505 1673 ·
560 1631 610 1694 ἐξ
643 1631 763 1705 ἐμοῦ
797 1625 859 1702 ᾖ,
895 1630 1167 1702 ὠφεληθῇς.
1221 1631 1611 1685 Existimabant
1640 1634 1780 1686 enim
1813 1650 1874 1686 ac
1909 1649 2030 1703 prae
2061 1650 2118 1687 se
2147 1632 2386 1687 ferebant
2407 1649 2475 1686 ex
2494 1628 2896 1685 Pharisaeorum

558 1716 941 1789 disciplinafilii
962 1733 1047 1782 se,
1071 1733 1190 1770 cum
1214 1717 1310 1770 deo
1334 1718 1530 1788 aliquid
1552 1734 1645 1789 pro
1671 1735 1728 1772 se
1749 1734 1810 1772 ac
1835 1720 2135 1789 parentibus
2160 1720 2271 1772 suis
2293 1717 2562 1783 offerrent,
2587 1715 2795 1771 abunde
2817 1715 2898 1770 of-

558 1804 680 1858 ficio
704 1818 801 1858 suo
825 1802 1168 1868 satisfecisse,
1204 1819 1373 1874 neque
1405 1805 1682 1874 quicquam
1715 1805 2001 1875 dependere
2033 1804 2257 1875 amplius
2288 1803 2490 1859 debere.
2542 1803 2646 1857 Sed
2667 1803 2894 1873 priorem

558 1890 863 1957 lectionem,
887 1905 1021 1959 quae
1041 1888 1297 1959 ὠφεληθῇς
1317 1890 1669 1960 superioribus
1689 1891 1944 1955 annectit,
1965 1889 2309 1961 Epiphanius,
2327 1888 2757 1957 Ohrysostomus,
2781 1888 2895 1942 alii-

561 1990 662 2045 que
690 1975 901 2040 Graeci,
934 1991 1031 2028 nec
1062 1991 1169 2028 non
1202 1980 1255 2027 et
1288 1974 1451 2045 Syrus
1474 1976 1838 2046 paraphrastes
1861 1976 2183 2046 exprimunt:
2219 1974 2541 2046 Epiphanius
2565 1974 2775 2045 quidem
2796 1974 2894 2027 im·

556 2061 763 2131 primis,
788 2077 908 2115 cum
929 2061 1146 2114 verbum
1168 2059 1427 2130 ὠφεληθῇς
1451 2062 1659 2114 inserit:
1689 2062 1849 2134 δῶρον
1873 2065 1947 2131 τῷ
1973 2061 2096 2131 θεῷ,
2129 2059 2158 2113 ὃ
2182 2058 2264 2113 ἐὰν
2288 2060 2546 2131 ὠφεληθῇς
2568 2058 2618 2121 ἐξ
2640 2057 2778 2130 ἐμοῦ.
2814 2058 2896 2113 Ita

559 2145 823 2217 chrysost.
848 2147 936 2200 lib.
961 2165 996 2201 1.
1020 2147 1076 2200 in
1097 2144 1284 2201 Matth.
1308 2145 1484 2200 homil.
1510 2146 1762 2200 declarat:
1799 2144 2085 2199 ἐπαίδευσαν
2109 2146 2222 2208 τοὺς
2251 2145 2384 2206 νέους
2409 2145 2648 2215 εὖσεβιίας
2672 2145 2894 2216 σχήματι

558 2235 877 2304 καταφρονεῖν
899 2234 1000 2284 τῶν
1025 2232 1263 2302 πατέρων.
1310 2231 1422 2292 Πῶς
1447 2232 1527 2283 καὶ
1550 2231 1641 2284 τίνι
1664 2235 1866 2303 τρόπῳ,
1891 2231 2018 2292 mn<
2043 2232 2245 2301 γρνίων,
2269 2227 2387 2301 εἶπε,
2412 2236 2486 2303 τῷ
2509 2231 2663 2299 παιδὶ,
2687 2232 2784 2292 Δός
2809 2249 2894 2302 μοι

556 2318 616 2371 τὸ
640 2318 889 2390 πρόβατον
906 2322 1057 2370 τοῦτο
1072 2315 1102 2369 θ
1121 2314 1262 2389 ἔχεις,
1280 2318 1310 2383 ἢ
1330 2318 1415 2369 τὸν
1435 2318 1649 2389 μόσχον,
1672 2319 1703 2384 ἢ
1729 2313 1857 2370 ἄλλο
1881 2334 1926 2369 τι
1948 2323 2188 2386 τοιοῦτον,
2210 2313 2398 2388 ἔλεγον,
2422 2317 2596 2388 Δῶρόν
2618 2314 2722 2369 ἐστι
2741 2321 2892 2369 τοῦτο

558 2409 632 2476 τῷ
658 2405 780 2475 θεῷ,
811 2402 840 2456 ὃ
873 2401 1024 2464 θέλεις
1054 2401 1105 2464 ἐξ
1134 2401 1257 2473 ἐμοῦ
1290 2401 1628 2473 ὠφεληθῆναι,
1661 2402 1741 2455 καὶ
1775 2402 1834 2456 οὗ
1868 2404 2070 2455 δύνασαι
2093 2403 2276 2472 λαβεῖν.
2328 2403 2522 2456 Verum
2544 2404 2778 2457 solennis
2799 2403 2893 2457 illa

555 2497 797 2544 votorum
819 2489 1059 2554 formula,
1085 2505 1244 2559 quam
1267 2506 1335 2543 ex
1358 2491 1730 2560 magistrorum
1754 2490 2141 2543 commentariis
2166 2489 2233 2542 ad
2249 2507 2319 2542 vr.
2342 2488 2529 2543 losuae
2551 2504 2665 2561 cap.
2688 2490 2891 2543 Masius

557 2577 777 2650 profert,
799 2573 929 2630 mihi
950 2575 1243 2629 certissima
1265 2575 1483 2631 videtur.
1528 2574 1664 2629 Nam
1688 2591 1811 2629 cum
1831 2575 2021 2646 aliquis
2045 2576 2185 2647 apud
2208 2576 2431 2630 alterum
2454 2592 2521 2630 ex
2544 2575 2643 2630 hac
2663 2575 2893 2631 formula

557 2670 738 2717 votum
755 2662 1025 2727 edidisset,
1050 2669 1166 2723 ‘⁸272
1202 2666 1439 2724 ΝΞΗΓΠ
1478 2669 1592 2724 rm
1630 2631 1740 2732 ἒξ
1800 2667 1961 2750 ἎἿΡ,
2006 2662 2300 2715 Anathema
2342 2671 2392 2714 et
2426 2681 2512 2716 res
2551 2665 2731 2716 devota
2772 2673 2898 2727 esto,

556 2751 797 2819 quicquid
816 2750 948 2800 illud
967 2753 1059 2812 eit,
1083 2767 1177 2818 quo
1201 2766 1291 2817 eqo
1317 2749 1410 2800 tibi
1426 2766 1657 2818 prosum,
1691 2764 1758 2800 ne
1781 2763 1839 2800 as
1865 2747 2247 2801 arbitrabantur
2267 2748 2417 2801 illum
2437 2747 2680 2802 beneficii
2699 2763 2891 2820 genere

556 2836 664 2888 ullo
687 2836 956 2905 prosequi,
986 2850 1054 2887 ne
1076 2841 1347 2905 parentem
1371 2834 1581 2905 quidem
1604 2835 1776 2904 ipsum
1791 2872 1805 2899 ,
1835 2849 1902 2886 ne
1926 2833 2064 2904 quod
2087 2834 2185 2887 deo
2208 2833 2407 2887 scilicet
2427 2833 2672 2887 devotum
2696 2839 2805 2899 est,
2836 2834 2890 2888 id

555 2919 800 2974 humanis
823 2920 1111 2973 commodis
1134 2919 1341 2975 serviat.
1393 2920 1533 2973 Haec
1556 2920 1773 2974 Masius.
1828 2918 1969 2972 Sane
1992 2919 2199 2990 quidem
2222 2918 2588 2991 paraphrastes
2612 2919 2778 2989 Syrus
2800 2920 2890 2974 iis·

556 3006 675 3060 dem
699 3007 871 3059 verbis
894 3007 1068 3061 locum
1098 3005 1247 3059 illum
1279 3005 1522 3071 reddidit,
1558 3020 1693 3075 quae
1725 3005 1862 3075 apud
1887 3004 2154 3058 Rabbinos
2176 3005 2435 3074 leguntur.
2487 3006 2558 3059 At
2579 3004 2813 3075 Scaliger
2832 3003 2890 3060 in

554 3093 810 3146 virulento
833 3091 923 3145 illo
940 3089 1253 3145 Trihaeresii
1269 3090 1498 3144 Elencho
1517 3091 1797 3160 ellipticam
1815 3090 2062 3160 loquendi
2077 3091 2332 3144 rationem
2349 3091 2424 3144 ita
2440 3091 2672 3162 supplet:
2698 3091 2888 3162 Δῶρον,

554 3177 583 3232 ὃ
608 3176 688 3230 ἐὰν
712 3176 761 3239 ἐξ
784 3175 906 3249 ἐμοῦ
932 3175 1185 3246 ὠφεληθῇς
1212 3173 1367 3241 πάσης
1393 3193 1453 3245 με
1476 3175 1599 3244 πρὸς
1623 3175 1678 3227 σὲ
1700 3178 1841 3245 τιμῆς
1866 3172 2122 3244 ἐλευθεροῖ.
2175 3175 2280 3228 Sed
2309 3174 2409 3230 hoc
2433 3193 2504 3229 ex
2524 3177 2770 3247 opinione
2792 3192 2890 3230 sua

554 3263 857 3328 confictum,
882 3279 987 3315 non
1011 3278 1079 3314 ex
1103 3267 1281 3314 autore
1305 3261 1411 3313 ullo
1436 3260 1821 3330 depromptum,
1853 3260 2156 3314 divinationi
2178 3277 2238 3314 ac
2262 3262 2588 3316 coniecturae
2608 3262 2785 3332 potius
2807 3268 2892 3316 est

556 3365 713 3419 quam
737 3354 907 3403 certae
932 3361 991 3399 ac
1013 3346 1239 3416 liquidae
1261 3345 1468 3399 veritati
1494 3345 1841 3401 tribuendum.
1896 3345 2163 3399 Postremo
2197 3347 2253 3400 in
2284 3346 2383 3401 hoc
2413 3347 2595 3401 eodem
2627 3347 2890 3419 evangelii

553 3436 667 3490 loeo
692 3435 889 3504 ellipsis
913 3433 1017 3485 alia
1038 3431 1319 3485 manifesta
1341 3438 1434 3484 est.
1475 3430 1762 3496 Nimirum,
1787 3431 2082 3502 quicunque
2106 3430 2204 3486 hoc
2226 3432 2418 3486 dixerit
2436 3434 2573 3504 patri
2596 3449 2717 3499 suo,
2740 3434 2888 3488 nulla

554 3520 801 3574 adversus
825 3519 975 3571 illum
998 3517 1316 3587 obligatione
1336 3518 1737 3587 constringetur,
1760 3518 1845 3571 vel
1865 3518 2009 3571 nulla
2029 3535 2086 3572 re
2108 3518 2158 3576 ei
2180 3519 2553 3584 commodabit3
2577 3519 2716 3590 quod
2739 3535 2885 3575 num.

554 3625 627 3661 11.
656 3602 973 3675 Epiphanius
995 3604 1243 3659 insinuat.

687 3689 750 3742 N.
774 3707 823 3744 v.
849 3689 936 3759 Τῷ
961 3688 1143 3758 χείρονι
1174 3688 1255 3740 καὶ
1277 3688 1364 3755 τὴν
1389 3686 1618 3756 aetatu]
1650 3688 1789 3742 Fert.
1813 3693 1872 3760 τῇ
1896 3687 2073 3761 ἀδικίᾳ.

689 3770 782 3826 Ἔν
807 3791 859 3825 τε
880 3778 982 3835 τοῖς
1008 3770 1176 3836 ἄλλοις
1203 3775 1607 3846 καταριθμέῖται.]
1638 3775 1779 3828 Haec
1802 3776 1976 3829 minus
2000 3774 2241 3845 expedita
2264 3792 2324 3830 ac
2346 3776 2545 3846 liquida
2559 3775 2690 3832 mihi
2705 3777 2884 3832 viden·

551 3867 661 3926 tur;
683 3861 893 3913 tametsi
913 3865 1176 3930 utcunque
1200 3861 1512 3913 sententiam
1537 3862 1908 3931 expressimus.

688 3944 777 4007 Ὦς
811 3942 1080 4015 ὡρισμένης
1115 3949 1263 3998 τοῦτο
1295 3944 1516 4016 ἡμέρας]
1568 3946 1695 4016 Leg.
1720 3945 1784 4007 εἰς
1813 3951 1976 3999 τοῦτο.
2031 3946 2306 4002 Caeterum
2327 3948 2537 4002 videant
2567 3948 2720 4002 huius
2752 3955 2882 4003 tem-

550 4033 690 4103 poris
714 4031 984 4097 haeretici,
1020 4047 1303 4102 quemnam
1335 4032 1437 4085 sibi
1466 4032 1870 4101 pervicacissimi
1896 4049 1958 4086 ac
1980 4035 2253 4088 vanissimi
2275 4034 2460 4087 erroris
2483 4035 2796 4105 magistrum
2819 4051 2883 4089 ac

549 4125 830 4189 patronum
852 4116 1150 4182 asciverint,
1186 4116 1311 4169 dum
1341 4116 1537 4169 ieiunia
1567 4118 1718 4170 statis
1748 4118 2069 4189 temporibus
2099 4119 2294 4172 indicta
2314 4135 2375 4173 ac
2399 4123 2656 4174 certorum
2681 4121 2880 4175 dierum

549 4205 856 4274 religionem
879 4202 1146 4257 damnant.

683 4290 746 4343 N.
769 4307 862 4343 vn.
899 4286 973 4340 Δι’
999 4283 1184 4357 ὀλίγων
1208 4285 1434 4358 εἰρημένα
1457 4286 1548 4340 οὐκ
1570 4285 1830 4356 ἠτόνησα]
1861 4289 2001 4345 Fort.
2028 4287 2287 4360 ἐφθόνησα.

682 4373 745 4427 N.
772 4393 885 4430 vm.
934 4373 1027 4426 Καὶ
1060 4373 1410 4445 Στησίχορον]
1475 4373 1803 4428 Stesichorus
1835 4374 2102 4429 fabulosas
2137 4376 2351 4431 deorum
2383 4379 2655 4450 prosapias
2690 4378 2879 4434 descri-

547 4467 748 4532 pserat,
773 4465 832 4513 ut
852 4461 977 4513 alibi
997 4459 1192 4514 indicat
1214 4458 1550 4531 Epiphanius.

684 4544 746 4599 N.
771 4563 846 4600 ιι.
891 4541 1001 4598 Εἰσὶ
1038 4543 1091 4597 δὲ
1127 4539 1268 4598 αὗται
1303 4545 1570 4616 τέσσαρες]
1650 4545 1883 4612 Quatuor
1917 4548 2056 4618 apud
2087 4548 2352 4604 Hebraeos
2387 4549 2734 4622 Δευτερώσεων
2769 4553 2878 4606 sive

547 4632 907 4687 Traditionum
938 4647 1133 4702 genera
1145 4638 1431 4702 percenset.
1482 4632 1714 4686 Primum
1732 4639 1813 4687 est
1829 4633 1968 4703 quod
1982 4634 2119 4689 Mosi
2133 4636 2448 4703 inscribitur,
2470 4637 2693 4691 alterum
2707 4637 2878 4693 Rabhi
