3185 5219
2300 369 2663 430 (30th

333 523 528 597 scripta
537 524 730 580 Valens
753 526 819 580 ad
837 527 1218 582 ArimIneusem
1241 526 1500 597 synodum
1523 543 1641 582 eam
1665 527 1862 594 detulit,
1886 543 2023 598 quae
2043 526 2143 582 hoe
2165 543 2303 582 auno
2327 528 2392 582 ab
2414 526 2661 584 Occiden·
2712 552 2755 593 ιι.
2771 538 2865 584 uo.

333 611 527 665 talibus
550 609 753 677 habita,
776 629 897 666 cum
921 612 1206 667 orientales
1231 612 1537 668 Seleuciae·
1522 629 1577 666 ιιι
1601 613 1800 666 Isauria
1822 613 2202 667 convenissent.

468 694 560 748 Ἐκ
583 696 834 767 διαφόρων
855 694 1147 769 stuppam]
1207 700 1482 768 Ancyrana
1505 699 1608 751 ista
1629 698 1860 766 synodus
1883 715 1990 752 non
2013 714 2047 752 a
2069 698 2197 752 solis
2218 698 2349 762 illis,
2372 699 2464 768 qui
2485 699 2553 751 ad
2576 715 2665 754 eu

330 782 514 836 caenia
545 789 920 848 convenerant,
955 784 1213 854 episcopis
1247 783 1428 837 habita
1461 789 1565 847 est,
1600 783 1692 836 sed
1723 784 1811 836 alii
1843 791 2110 854 praeterea
2140 782 2419 838 adfuerunt
2443 785 2665 839 aliarum

330 867 718 938 provinciarum
746 868 1004 940 episcopi,
1037 870 1180 923 velut
1207 867 1510 924 Eustathius
1533 868 1805 932 Sebastiae
1838 871 1895 923 iu
1916 869 2187 934 Armenia5
2221 869 2453 939 plerique
2486 876 2665 924 autem

330 951 518 1006 hiemis
541 951 848 1007 difficultate
868 953 1139 1008 interclusi
1160 960 1299 1008 sunt.

466 1036 562 1089 Καὶ
584 1034 647 1090 τὰ
667 1035 747 1090 ἐπὶ
768 1041 856 1106 τῆς
875 1037 1479 1107 Κωνσταντινουπόλιως]
1546 1040 1674 1093 Post
1705 1040 1926 1093 concilia
1946 1040 2072 1109 Tyri
2106 1055 2166 1092 ao
2189 1039 2564 1109 Hierosolymis
2595 1041 2664 1094 ab

332 1122 541 1177 Arianis
564 1124 855 1189 celebrata,
873 1140 997 1179 cum
1017 1123 1335 1180 Athanasius
1360 1123 1761 1179 Constantinum
1783 1124 2023 1188 adiisset,
2044 1123 2201 1178 huius
2225 1125 2389 1178 literis
2410 1125 2665 1179 Constan-
2756 1189 2759 1192 ¹

331 1209 607 1280 tinopolim
629 1209 782 1262 acciti
801 1216 926 1263 sunt
947 1209 1204 1281 episcopi,
1240 1227 1462 1280 quorum
1487 1226 1645 1280 opera
1665 1211 1899 1280 relegato
1921 1211 1977 1263 in
2003 1208 2201 1266 Gallias
2217 1208 2503 1264 Athanasio
2526 1211 2666 1264 Mar·

332 1294 494 1347 celius
529 1292 817 1364 deponitur.
862 1294 992 1349 Vide
1026 1294 1296 1349 Socratem
1327 1296 1418 1350 lib.
1442 1314 1478 1351 ι.
1515 1312 1629 1367 cap.
1656 1313 1807 1351 xxm.
1876 1294 2025 1359 Quod
2058 1311 2196 1349 anno
2221 1311 2508 1351 cccxxxvi.
2541 1311 2665 1350 con-

332 1378 516 1449 tigisse
538 1379 719 1434 scribit
739 1379 1013 1434 Batonius.

465 1461 586 1516 ’Exi
605 1463 710 1525 τοῖέ
732 1461 987 1535 ἔγκαινίοις
1009 1468 1094 1532 τῆς
1118 1463 1166 1517 ἐν
1190 1462 1504 1537 Ἀντιοχείᾳ]
1571 1466 1651 1519 De
1673 1465 1773 1520 hac
1800 1466 2000 1535 synodo
2024 1466 2233 1537 legendi
2254 1466 2535 1520 Barouiani
2558 1466 2663 1520 Au-

331 1549 477 1602 nales
502 1564 640 1603 anno
665 1565 880 1606 cccxu.

465 1623 559 1686 Καὶ
577 1633 700 1704 μετὰ
714 1639 874 1687 ταῦτα
890 1635 1014 1689 κατὰ
1028 1635 1311 1711 Σαρδοαξν]
1336 1635 1697 1690 Sardicensem
1713 1635 1975 1706 synodum
1991 1654 2099 1691 non
2115 1637 2502 1691 oecumenicam
2516 1637 2662 1690 illam

331 1725 381 1773 et
403 1718 714 1773 catholicam
735 1720 1059 1790 intelligunt,
1093 1724 1148 1776 in
1172 1738 1278 1791 qua
1299 1721 1615 1775 Athanasius
1636 1722 1933 1786 restitutus,
1956 1722 2188 1776 damnati
2210 1738 2332 1777 vero
2355 1722 2535 1776 Ariani
2557 1722 2663 1792 epi-

330 1805 501 1877 scopi,
524 1805 618 1860 sed
639 1805 1042 1859 conciliabulum
1064 1807 1246 1861 eodem
1267 1813 1501 1877 tempore
1525 1807 1591 1860 ab
1618 1807 1823 1860 Arianis
1848 1805 2099 1878 Philippis
2121 1808 2178 1861 in
2196 1805 2415 1861 Thracia
2436 1808 2662 1862 celebra-

328 1897 469 1955 tum,
499 1890 640 1960 quod
663 1889 988 1945 Sardicensis
1011 1893 1222 1946 nomine
1245 1893 1590 1946 venditarunt.
1638 1891 1800 1945 Cuius
1825 1892 2087 1946 decretum
2112 1899 2260 1947 extat
2280 1893 2334 1947 in
2356 1892 2666 1963 fragmentis

325 1976 513 2030 Hilarii
554 1975 623 2029 ad
652 1975 929 2030 Africanos
961 1978 1235 2049 episcopos
1267 1978 1505 2031 missum.
1574 1977 1897 2031 Sozomenus
1930 1978 2021 2031 lib.
2048 1996 2126 2033 m.
2160 1995 2275 2049 cap.
2298 1996 2351 2032 x.
2384 1985 2533 2032 autor
2568 1984 2665 2044 est,

327 2061 672 2116 constitutum
691 2063 749 2115 in
773 2078 836 2115 ea
858 2063 1059 2132 synodo
1081 2064 1150 2117 ab
1168 2063 1375 2116 Arianis
1400 2079 1532 2127 esse,
1555 2063 1635 2116 uti
1658 2063 2104 2118 consubstantialis
2125 2064 2439 2118 vocabulum
2463 2081 2496 2118 a
2517 2064 2663 2118 nullo

327 2146 573 2219 deinceps
597 2154 952 2218 usurparetur.
1002 2149 1138 2202 Tum
1161 2149 1436 2202 damnatos
1458 2165 1550 2202 eos
1574 2150 1667 2218 qui
1688 2153 1794 2202 tres
1818 2148 1943 2202 deos
1977 2165 2094 2202 esse
2118 2148 2374 2214 dicerent,
2409 2151 2494 2204 vel
2517 2148 2663 2204 Chri-

327 2238 470 2288 stum
493 2239 749 2304 negarent
770 2234 952 2299 deum,
985 2241 1075 2288 aut
1096 2234 1318 2288 eundem
1342 2251 1458 2288 esse
1480 2239 1708 2304 patrem,
1730 2233 1897 2288 filium
1920 2240 1974 2287 et
1995 2234 2235 2304 spiritum
2258 2241 2501 2289 sanctum
2521 2252 2665 2289 asse-

327 2325 526 2383 rerent,
559 2325 823 2390 postremo
859 2320 950 2390 qui
972 2319 1138 2373 fuisse
1161 2326 1367 2390 tempus
1391 2321 1762 2390 saeculumque
1790 2320 2082 2384 crederent,
2117 2336 2221 2390 quo
2256 2321 2489 2375 nendum
2520 2320 2663 2376 filius

329 2405 596 2460 existeret.
664 2404 905 2459 Socrates
936 2421 1057 2458 vero
1089 2405 1179 2458 lib.
1198 2424 1258 2460 11.
1285 2422 1399 2474 cap.
1419 2422 1506 2459 xx.
1531 2405 1595 2459 de
1624 2405 1811 2458 iisdem
1844 2420 2034 2475 agens,
2070 2404 2160 2457 Καὶ
2195 2408 2441 2475 φανερῶς,
2474 2406 2663 2477 inquit,

329 2488 504 2542 λοιπον
528 2489 586 2541 t'o
612 2488 700 2561 μὶν
723 2487 990 2560 ὅμοούσιον
1014 2488 1441 2559 ἆναθιματίζουσι,
1477 2489 1563 2558 τὴν
1601 2489 1654 2543 δὶ
1688 2494 1777 2542 τοῦ
1812 2486 2045 2560 ἀνομοίου
2083 2489 2229 2551 δόξαν
2260 2486 2519 2551 ἐπιστολὰς
2541 2510 2665 2562 συγ-

330 2572 601 2647 γράψαντες
635 2578 893 2645 πανταχοῦ
928 2574 1309 2646 διαπίμπονταιε
1364 2575 1642 2646 Manifesta
1665 2585 1765 2629 mm
1789 2576 2238 2629 consubstantialis
2260 2593 2425 2631 vocem
2450 2577 2662 2631 αιιαιΙκ-

329 2672 464 2715 ηοω
488 2664 758 2726 damnant,
782 2665 1062 2732 opinionem
1085 2679 1204 2714 vero
1218 2701 1232 2726 ,
1266 2663 1554 2731 quodfibc’us
1566 2665 1723 2731 patri
1744 2662 2007 2714 dissimilis
2029 2670 2180 2724 esset,
2209 2678 2308 2730 per
2331 2664 2512 2715 caerae
2533 2667 2663 2716 sori-

323 2756 448 2817 ptas
469 2747 647 2816 ubique
669 2749 1001 2800 dmcninarc
1024 2757 1311 2816 coeperunt.
1375 2746 1522 2800 Itane
1551 2763 1731 2799 verum
1766 2751 1849 2799 est
1883 2746 1965 2798 vel
1996 2744 2327 2799 anathemate
2361 2745 2663 2801 damnatam

333 2833 779 2887 consubstantialis
795 2848 1002 2896 vocem,
1026 2831 1108 2884 vel
1127 2831 1513 2885 Auomoeorum
1531 2831 1725 2901 dogma
1740 2835 1853 2884 tum
1872 2832 1937 2884 ab
1956 2831 2163 2885 Arianis
2179 2829 2345 2885 fuisse
2362 2830 2661 2887 decretum?

329 2917 440 2973 Imo
462 2933 586 2971 vero
608 2916 804 2971 falsum
827 2921 924 2972 est.
964 2914 1081 2969 Non
1106 2917 1269 2981 enim,
1296 2917 1494 2986 opinor,
1519 2916 1835 2969 Semiariani
1854 2920 1943 2968 τοῦ
1967 2914 2199 2985 ἀνομοίου
2224 2932 2403 2970 osores
2426 2918 2665 2971 acerrimi

330 3003 486 3057 iidem
507 3003 566 3057 in
588 3003 680 3056 illa
702 3002 901 3071 syuodo
923 2999 1222 3055 refloruisse
1251 3001 1505 3064 dicerent,
1541 3002 1590 3054 si
1622 3002 1677 3055 in
1713 3018 1777 3055 ea
1810 3002 1950 3055 istud
1982 3003 2184 3072 ipsum,
2218 3002 2364 3056 cuius
2399 3002 2664 3058 evertendi

330 3105 518 3143 caussa
541 3093 914 3152 convenerant,
945 3087 1282 3156 sacrilegium
1304 3087 1625 3157 publicatum
1649 3094 1801 3143 esset.
1872 3086 2008 3141 Nam
2033 3087 2172 3158 quod
2192 3087 2259 3140 sd
2283 3084 2548 3158 ὁμοουσίου
2571 3105 2662 3144 vo-

330 3190 443 3228 cem
476 3175 690 3238 attinet,
724 3178 926 3226 certum
960 3179 1040 3227 est
1072 3188 1190 3226 eam
1227 3172 1435 3241 quidem
1467 3172 1522 3226 in
1558 3173 1855 3227 Sardicensi
1886 3172 2287 3244 pseudosynodo
2309 3190 2663 3245 suppressam,

331 3276 436 3313 non
458 3266 637 3313 tamen
660 3257 990 3311 anathemate
1013 3258 1329 3314 damnatam.
1398 3257 1829 3329 Quandoquidem
1862 3259 1917 3311 in
1952 3260 2168 3312 caeteris
2191 3260 2505 3314 Arianorum
2540 3277 2662 3314 con-

329 3344 600 3409 ventibus,
624 3344 714 3414 qui
735 3350 919 3413 postea
939 3343 1205 3398 subsecuti
1227 3350 1377 3409 sunt,
1400 3346 1610 3399 tametsi
1632 3345 2092 3399 consubstantialis
2116 3346 2397 3416 appellatio
2421 3346 2536 3418 ipsa
2559 3347 2661 3401 dis-

330 3431 578 3485 simulata
598 3429 690 3495 ait,
719 3445 828 3482 non
851 3434 1028 3483 tamen
1049 3430 1124 3483 ita
1145 3430 1441 3501 repudiata,
1474 3435 1534 3484 ut
1554 3429 1879 3484 anathemati
1912 3431 2266 3496 subiiceretur,
2296 3431 2389 3485 sed
2410 3438 2662 3503 tanquam

331 3515 620 3586 simplicius
654 3529 717 3567 ac
748 3519 951 3585 praeter
980 3531 1283 3585 expressam
1306 3532 1575 3569 sacrorum
1608 3516 1860 3570 librorum
1892 3517 2227 3570 autoritatem
2258 3524 2509 3588 usurpata
2539 3536 2662 3588 sup-
2758 3504 2767 3513 ’

329 3601 484 3672 primi
505 3600 784 3654 iuberetur.
831 3598 945 3664 Quo
970 3601 1128 3654 etiam
1149 3601 1278 3654 illud
1300 3607 1519 3672 spectat,
1556 3601 1695 3671 quod
1717 3617 1877 3671 supra
1898 3617 1967 3653 ex
1991 3600 2213 3671 Sulpitio
2237 3604 2661 3657 commemoravi·

330 3703 473 3752 mus,
497 3686 717 3739 Arianos
741 3684 810 3738 ad
831 3685 1133 3739 sirmiensis
1158 3703 1324 3757 usque
1347 3686 1554 3740 concilii
1576 3693 1814 3756 tempora
1847 3686 2077 3739 nondum
2105 3691 2280 3756 aperte
2303 3685 2517 3740 Nicaeui
2538 3704 2662 3741 con-

332 3772 438 3826 cilii
458 3771 668 3825 decreta
690 3786 993 3849 oppugnare
1017 3786 1176 3825 susos
1199 3788 1344 3837 esse,
1367 3771 1504 3842 quod
1528 3770 1761 3841 profecto
1778 3769 2038 3835 facerent,
2062 3772 2108 3824 si
2130 3788 2239 3825 nou
2261 3771 2433 3825 solum
2457 3770 2514 3822 τὸ
2541 3768 2660 3841 ὁμο·

333 3857 496 3910 ouem
519 3855 850 3910 anathemate
873 3855 1200 3923 damnarent,
1233 3872 1414 3910 verum
1448 3857 1607 3909 etiam
1641 3855 1945 3909 dissimilem
1979 3873 2095 3909 esse
2126 3856 2289 3926 patris
2311 3856 2479 3910 filium
2499 3856 2660 3911 libore

332 3948 612 4014 aperteque
644 3942 1062 4011 pronunciarent.
1125 3941 1307 4011 Itaque
1329 3940 1623 3994 Sozomeuo
1655 3941 1827 4011 potius
1852 3941 2237 3995 assentiendum
2261 3958 2421 4010 quam
2443 3941 2659 3995 Socrati.

330 4027 446 4082 Etsi
466 4026 607 4097 apud
627 4024 767 4080 hunc
787 4028 843 4080 in
866 4026 1090 4080 editione
1113 4026 1399 4081 novissima
1425 4025 1789 4083 Graecolatina
1821 4043 1914 4096 pro
1939 4025 2025 4093 τὴν
2050 4031 2137 4079 τοῦ
2156 4026 2387 4096 ἀνομοίου
2412 4025 2558 4086 δόξαν
2578 4042 2658 4080 re-

333 4113 586 4184 scriptum
619 4117 724 4175 est,
751 4110 839 4180 τὴν
862 4116 951 4164 τοῦ
975 4109 1270 4181 ἀνομουσίου
1295 4110 1459 4173 δόξαν.
1529 4110 1678 4175 Quod
1709 4112 1754 4165 si
1777 4128 1843 4165 ex
1869 4118 2100 4165 veterum
2124 4111 2359 4165 codicum
2383 4112 2659 4166 autoritate

332 4197 532 4252 factum
555 4203 660 4262 est,
683 4214 790 4251 nou
811 4198 1066 4269 improbo.

467 4280 530 4336 Et
553 4281 639 4353 μὶν
663 4282 744 4335 καὶ
765 4282 1068 4353 λογισμοῖς]
1126 4282 1269 4336 Corr.
1298 4278 1367 4334 ἔτι
1401 4279 1496 4352 μὴν
1522 4281 1602 4334 καὶ
1630 4282 1744 4353 λογ.
1804 4282 2041 4337 Ostendit
2062 4280 2288 4334 Basilius
2316 4296 2375 4334 se
2398 4281 2463 4335 de
2484 4281 2658 4337 Sardi·
2708 4312 2751 4353 p,
2768 4302 2860 4347 εει,

335 4369 481 4423 censi
499 4368 591 4422 ino
616 4367 955 4422 Orientalium
977 4375 1032 4422 et
1054 4367 1466 4422 occidentalium
1487 4367 1701 4421 dissidio
1727 4385 1859 4438 opus
1881 4366 2141 4437 quoddam
2165 4366 2513 4420 elucubrasse.

469 4451 764 4525 Ἐλπίζομν
787 4450 868 4506 διὰ
890 4453 947 4505 τὸ
967 4453 1257 4524 τολμηρόν.]
1303 4452 1456 4506 Forte
1478 4454 1580 4522 leg.
1603 4450 1889 4522 ἠλπίζομεν.

471 4535 730 4592 Ἐκθίσθαι
751 4536 816 4601 εἰς
838 4542 986 4591 τοῦτο
1010 4538 1067 4590 τὸ
1093 4534 1257 4609 εἶδος]
1326 4537 1437 4591 Hoc
1470 4547 1549 4590 est
1577 4537 1632 4591 in
1655 4537 1880 4591 formula
1902 4536 2326 4607 professioneque
2348 4536 2473 4593 fidei
2488 4541 2656 4596 nomi·

337 4624 500 4681 uatim
521 4624 662 4690 eius,
685 4623 826 4696 quod
847 4623 914 4678 ab
936 4621 1210 4681 haereticis
1235 4629 1585 4699 oppugnatur,
1610 4623 1924 4678 mentionem
1948 4621 2184 4678 adiieere.
