<?xml version="1.0" encoding="UTF-8"?>
<!DOCTYPE html PUBLIC "-//W3C//DTD XHTML 1.0 Transitional//EN"
    "http://www.w3.org/TR/xhtml1/DTD/xhtml1-transitional.dtd">
<html xmlns="http://www.w3.org/1999/xhtml" xml:lang="en" lang="en">
 <head>
  <title>
</title>
<meta http-equiv="Content-Type" content="text/html;charset=utf-8" />
  <meta name='ocr-system' content='tesseract 3.04.00' />
  <meta name='ocr-capabilities' content='ocr_page ocr_carea ocr_par ocr_line ocrx_word'/>
</head>
<body>
  <div class='ocr_page' id='page_1' title='image "./corporishaerese06oehlgoog_0313.png"; bbox 0 0 3185 5219; ppageno 0'>
   <div class='ocr_carea' id='block_1_1' title="bbox 2433 381 2605 439">
    <p class='ocr_par' dir='ltr' id='par_1_1' title="bbox 2433 381 2605 439">
     <span class='ocr_line' id='line_1_1' title="bbox 2433 381 2605 439; baseline 0 0"><span class='ocrx_word' id='word_1_1' title='bbox 2433 381 2605 439; x_wconf 71' lang='lat' dir='ltr'><strong>GUO&#39;V</strong></span> 
     </span>
    </p>
   </div>
   <div class='ocr_carea' id='block_1_2' title="bbox 272 536 2823 4707">
    <p class='ocr_par' dir='ltr' id='par_1_2' title="bbox 272 536 2618 2147">
     <span class='ocr_line' id='line_1_2' title="bbox 272 536 2606 610; baseline -0 -17"><span class='ocrx_word' id='word_1_2' title='bbox 272 539 452 610; x_wconf 66' lang='lat' dir='ltr'><strong>iugm</strong></span> <span class='ocrx_word' id='word_1_3' title='bbox 485 539 775 603; x_wconf 74' lang='lat' dir='ltr'><strong>asciscunt,</strong></span> <span class='ocrx_word' id='word_1_4' title='bbox 808 554 918 592; x_wconf 90' lang='lat' dir='ltr'><strong>non</strong></span> <span class='ocrx_word' id='word_1_5' title='bbox 951 538 1056 592; x_wconf 78' lang='lat' dir='ltr'><strong>elis</strong></span> <span class='ocrx_word' id='word_1_6' title='bbox 1085 543 1214 609; x_wconf 87' lang='lat' dir='ltr'><strong>puto</strong></span> <span class='ocrx_word' id='word_1_7' title='bbox 1248 536 1543 591; x_wconf 80' lang='lat' dir='ltr'><strong>conditione</strong></span> <span class='ocrx_word' id='word_1_8' title='bbox 1565 536 1886 592; x_wconf 78' lang='lat' dir='ltr'><strong>Novatianos</strong></span> <span class='ocrx_word' id='word_1_9' title='bbox 1919 537 1986 590; x_wconf 87' lang='lat' dir='ltr'><strong>ad</strong></span> <span class='ocrx_word' id='word_1_10' title='bbox 2014 537 2337 608; x_wconf 68' lang='lat' dir='ltr'><strong>iungendam</strong></span> <span class='ocrx_word' id='word_1_11' title='bbox 2360 554 2479 594; x_wconf 84' lang='lat' dir='ltr'><strong>eum</strong></span> <span class='ocrx_word' id='word_1_12' title='bbox 2502 539 2606 592; x_wconf 80' lang='lat' dir='ltr'><strong>illis</strong></span> 
     </span>
     <span class='ocr_line' id='line_1_3' title="bbox 274 623 2608 694; baseline 0 -16"><span class='ocrx_word' id='word_1_13' title='bbox 274 626 696 680; x_wconf 80' lang='lat' dir='ltr'><strong>communionem</strong></span> <span class='ocrx_word' id='word_1_14' title='bbox 719 624 896 694; x_wconf 59' lang='lat' dir='ltr'><strong>coegit</strong></span> <span class='ocrx_word' id='word_1_15' title='bbox 926 639 1084 694; x_wconf 78' lang='lat' dir='ltr'><strong>quam</strong></span> <span class='ocrx_word' id='word_1_16' title='bbox 1113 628 1174 676; x_wconf 84' lang='lat' dir='ltr'><strong>ut</strong></span> <span class='ocrx_word' id='word_1_17' title='bbox 1194 624 1450 678; x_wconf 85' lang='lat' dir='ltr'><strong>dissoluto</strong></span> <span class='ocrx_word' id='word_1_18' title='bbox 1470 624 1761 694; x_wconf 78' lang='lat' dir='ltr'><strong>posteriore</strong></span> <span class='ocrx_word' id='word_1_19' title='bbox 1780 624 1871 676; x_wconf 88' lang='lat' dir='ltr'><strong>illo</strong></span> <span class='ocrx_word' id='word_1_20' title='bbox 1895 624 2143 692; x_wconf 83' lang='lat' dir='ltr'><strong>coniugio</strong></span> <span class='ocrx_word' id='word_1_21' title='bbox 2166 623 2524 678; x_wconf 83' lang='lat' dir='ltr'><strong>foedissimam</strong></span> <span class='ocrx_word' id='word_1_22' title='bbox 2546 625 2608 677; x_wconf 90' lang='lat' dir='ltr'><strong>il·</strong></span> 
     </span>
     <span class='ocr_line' id='line_1_4' title="bbox 274 707 2608 781; baseline 0 -17"><span class='ocrx_word' id='word_1_23' title='bbox 274 711 378 764; x_wconf 77' lang='lat' dir='ltr'><strong>lam</strong></span> <span class='ocrx_word' id='word_1_24' title='bbox 407 711 680 764; x_wconf 75' lang='lat' dir='ltr'><strong>maculam</strong></span> <span class='ocrx_word' id='word_1_25' title='bbox 707 710 1032 781; x_wconf 80' lang='lat' dir='ltr'><strong>poenitentia</strong></span> <span class='ocrx_word' id='word_1_26' title='bbox 1064 709 1336 764; x_wconf 79' lang='lat' dir='ltr'><strong>diluerent.</strong></span> <span class='ocrx_word' id='word_1_27' title='bbox 1389 709 1554 778; x_wconf 64' lang='lat' dir='ltr'><strong>&#39;Atqui</strong></span> <span class='ocrx_word' id='word_1_28' title='bbox 1583 726 1695 762; x_wconf 89' lang='lat' dir='ltr'><strong>non</strong></span> <span class='ocrx_word' id='word_1_29' title='bbox 1726 709 1901 779; x_wconf 78' lang='lat' dir='ltr'><strong>magis</strong></span> <span class='ocrx_word' id='word_1_30' title='bbox 1932 714 1989 762; x_wconf 87' lang='lat' dir='ltr'><strong>nt</strong></span> <span class='ocrx_word' id='word_1_31' title='bbox 2011 721 2131 763; x_wconf 86' lang='lat' dir='ltr'><strong>cum</strong></span> <span class='ocrx_word' id='word_1_32' title='bbox 2153 707 2252 762; x_wconf 83' lang='lat' dir='ltr'><strong>hcc</strong></span> <span class='ocrx_word' id='word_1_33' title='bbox 2274 717 2608 780; x_wconf 80' lang='lat' dir='ltr'><strong>peccatorum</strong></span> 
     </span>
     <span class='ocr_line' id='line_1_5' title="bbox 274 795 2612 867; baseline 0 -17"><span class='ocrx_word' id='word_1_34' title='bbox 274 811 466 867; x_wconf 71' lang='lat' dir='ltr'><strong>genere</strong></span> <span class='ocrx_word' id='word_1_35' title='bbox 485 803 612 867; x_wconf 80' lang='lat' dir='ltr'><strong>post</strong></span> <span class='ocrx_word' id='word_1_36' title='bbox 630 795 1006 866; x_wconf 78' lang='lat' dir='ltr'><strong>poenitentiam</strong></span> <span class='ocrx_word' id='word_1_37' title='bbox 1021 809 1179 865; x_wconf 87' lang='lat' dir='ltr'><strong>quam</strong></span> <span class='ocrx_word' id='word_1_38' title='bbox 1201 801 1260 848; x_wconf 86' lang='lat' dir='ltr'><strong>ut</strong></span> <span class='ocrx_word' id='word_1_39' title='bbox 1280 810 1401 848; x_wconf 87' lang='lat' dir='ltr'><strong>cum</strong></span> <span class='ocrx_word' id='word_1_40' title='bbox 1423 795 1639 847; x_wconf 80' lang='lat' dir='ltr'><strong>caeteris</strong></span> <span class='ocrx_word' id='word_1_41' title='bbox 1665 795 2109 848; x_wconf 73' lang='lat' dir='ltr'><strong>communicarent</strong></span> <span class='ocrx_word' id='word_1_42' title='bbox 2132 795 2374 848; x_wconf 81' lang='lat' dir='ltr'><strong>omnibus</strong></span> <span class='ocrx_word' id='word_1_43' title='bbox 2398 796 2487 849; x_wconf 83' lang='lat' dir='ltr'><strong>lex</strong></span> <span class='ocrx_word' id='word_1_44' title='bbox 2509 796 2612 850; x_wconf 79' lang='lat' dir='ltr'><strong>ista</strong></span> 
     </span>
     <span class='ocr_line' id='line_1_6' title="bbox 274 879 2609 951; baseline -0.001 -15"><span class='ocrx_word' id='word_1_45' title='bbox 274 883 551 951; x_wconf 75' lang='lat' dir='ltr'><strong>cautioque</strong></span> <span class='ocrx_word' id='word_1_46' title='bbox 573 881 697 935; x_wconf 70' lang='lat' dir='ltr'><strong>ferri</strong></span> <span class='ocrx_word' id='word_1_47' title='bbox 713 881 1020 936; x_wconf 79' lang='lat' dir='ltr'><strong>Novatianis</strong></span> <span class='ocrx_word' id='word_1_48' title='bbox 1042 879 1237 935; x_wconf 81' lang='lat' dir='ltr'><strong>debuit.</strong></span> <span class='ocrx_word' id='word_1_49' title='bbox 1274 879 1393 933; x_wconf 85' lang='lat' dir='ltr'><strong>Non</strong></span> <span class='ocrx_word' id='word_1_50' title='bbox 1415 879 1556 933; x_wconf 85' lang='lat' dir='ltr'><strong>enim</strong></span> <span class='ocrx_word' id='word_1_51' title='bbox 1579 880 1834 934; x_wconf 75' lang='lat' dir='ltr'><strong>eimmodi</strong></span> <span class='ocrx_word' id='word_1_52' title='bbox 1856 881 2027 933; x_wconf 85' lang='lat' dir='ltr'><strong>solum</strong></span> <span class='ocrx_word' id='word_1_53' title='bbox 2050 879 2315 950; x_wconf 72' lang='lat' dir='ltr'><strong>digamos,</strong></span> <span class='ocrx_word' id='word_1_54' title='bbox 2340 881 2431 934; x_wconf 86' lang='lat' dir='ltr'><strong>sed</strong></span> <span class='ocrx_word' id='word_1_55' title='bbox 2455 897 2609 951; x_wconf 86' lang='lat' dir='ltr'><strong>quos-</strong></span> 
     </span>
     <span class='ocr_line' id='line_1_7' title="bbox 273 965 2613 1037; baseline 0 -16"><span class='ocrx_word' id='word_1_56' title='bbox 273 982 499 1037; x_wconf 72' lang='lat' dir='ltr'><strong>cumque</strong></span> <span class='ocrx_word' id='word_1_57' title='bbox 523 966 696 1020; x_wconf 84' lang='lat' dir='ltr'><strong>delicti</strong></span> <span class='ocrx_word' id='word_1_58' title='bbox 718 965 972 1035; x_wconf 77' lang='lat' dir='ltr'><strong>gravioris</strong></span> <span class='ocrx_word' id='word_1_59' title='bbox 995 981 1114 1024; x_wconf 86' lang='lat' dir='ltr'><strong>reos</strong></span> <span class='ocrx_word' id='word_1_60' title='bbox 1136 965 1205 1017; x_wconf 82' lang='lat' dir='ltr'><strong>ab</strong></span> <span class='ocrx_word' id='word_1_61' title='bbox 1229 966 1372 1019; x_wconf 84' lang='lat' dir='ltr'><strong>omni</strong></span> <span class='ocrx_word' id='word_1_62' title='bbox 1395 981 1488 1036; x_wconf 90' lang='lat' dir='ltr'><strong>spe</strong></span> <span class='ocrx_word' id='word_1_63' title='bbox 1506 966 1893 1024; x_wconf 72' lang='lat' dir='ltr'><strong>communionis</strong></span> <span class='ocrx_word' id='word_1_64' title='bbox 1925 965 2268 1019; x_wconf 77' lang='lat' dir='ltr'><strong>excluserant.</strong></span> <span class='ocrx_word' id='word_1_65' title='bbox 2323 965 2428 1019; x_wconf 79' lang='lat' dir='ltr'><strong>om</strong></span> <span class='ocrx_word' id='word_1_66' title='bbox 2450 967 2613 1036; x_wconf 81' lang='lat' dir='ltr'><strong>igitur</strong></span> 
     </span>
     <span class='ocr_line' id='line_1_8' title="bbox 272 1051 2611 1122; baseline -0 -17"><span class='ocrx_word' id='word_1_67' title='bbox 272 1053 338 1105; x_wconf 88' lang='lat' dir='ltr'><strong>de</strong></span> <span class='ocrx_word' id='word_1_68' title='bbox 357 1052 590 1122; x_wconf 76' lang='lat' dir='ltr'><strong>digamis</strong></span> <span class='ocrx_word' id='word_1_69' title='bbox 611 1052 718 1104; x_wconf 82' lang='lat' dir='ltr'><strong>illis</strong></span> <span class='ocrx_word' id='word_1_70' title='bbox 739 1051 920 1122; x_wconf 81' lang='lat' dir='ltr'><strong>utique</strong></span> <span class='ocrx_word' id='word_1_71' title='bbox 942 1051 1154 1104; x_wconf 77' lang='lat' dir='ltr'><strong>nonnisi</strong></span> <span class='ocrx_word' id='word_1_72' title='bbox 1174 1051 1550 1121; x_wconf 82' lang='lat' dir='ltr'><strong>poenitentiam</strong></span> <span class='ocrx_word' id='word_1_73' title='bbox 1573 1058 1627 1104; x_wconf 88' lang='lat' dir='ltr'><strong>et</strong></span> <span class='ocrx_word' id='word_1_74' title='bbox 1652 1051 1820 1105; x_wconf 75' lang='lat' dir='ltr'>illiciti</span> <span class='ocrx_word' id='word_1_75' title='bbox 1844 1051 2077 1121; x_wconf 87' lang='lat' dir='ltr'><strong>coniugii</strong></span> <span class='ocrx_word' id='word_1_76' title='bbox 2099 1051 2497 1121; x_wconf 75' lang='lat' dir='ltr'><strong>diremptionem</strong></span> <span class='ocrx_word' id='word_1_77' title='bbox 2521 1052 2611 1104; x_wconf 81' lang='lat' dir='ltr'><strong>ad-</strong></span> 
     </span>
     <span class='ocr_line' id='line_1_9' title="bbox 273 1135 2612 1207; baseline -0.001 -15"><span class='ocrx_word' id='word_1_78' title='bbox 273 1137 543 1192; x_wconf 83' lang='lat' dir='ltr'><strong>mittendis</strong></span> <span class='ocrx_word' id='word_1_79' title='bbox 577 1137 764 1194; x_wconf 86' lang='lat' dir='ltr'><strong>diserte</strong></span> <span class='ocrx_word' id='word_1_80' title='bbox 797 1136 1210 1205; x_wconf 76' lang='lat' dir='ltr'><strong>nominatimque</strong></span> <span class='ocrx_word' id='word_1_81' title='bbox 1238 1135 1471 1190; x_wconf 84' lang='lat' dir='ltr'><strong>Nicaena</strong></span> <span class='ocrx_word' id='word_1_82' title='bbox 1505 1135 1737 1205; x_wconf 75' lang='lat' dir='ltr'><strong>synodus</strong></span> <span class='ocrx_word' id='word_1_83' title='bbox 1772 1141 2050 1207; x_wconf 79' lang='lat' dir='ltr'><strong>exceptum</strong></span> <span class='ocrx_word' id='word_1_84' title='bbox 2083 1137 2281 1190; x_wconf 76' lang='lat' dir='ltr'><strong>voluit?</strong></span> <span class='ocrx_word' id='word_1_85' title='bbox 2340 1136 2497 1202; x_wconf 87' lang='lat' dir='ltr'><strong>Quid,</strong></span> <span class='ocrx_word' id='word_1_86' title='bbox 2533 1138 2612 1191; x_wconf 89' lang='lat' dir='ltr'><strong>in·</strong></span> 
     </span>
     <span class='ocr_line' id='line_1_10' title="bbox 274 1221 2613 1294; baseline -0.001 -17"><span class='ocrx_word' id='word_1_87' title='bbox 274 1239 461 1294; x_wconf 81' lang='lat' dir='ltr'><strong>quam,</strong></span> <span class='ocrx_word' id='word_1_88' title='bbox 484 1225 542 1276; x_wconf 91' lang='lat' dir='ltr'><strong>in</strong></span> <span class='ocrx_word' id='word_1_89' title='bbox 563 1224 658 1278; x_wconf 88' lang='lat' dir='ltr'><strong>illo</strong></span> <span class='ocrx_word' id='word_1_90' title='bbox 679 1222 910 1276; x_wconf 83' lang='lat' dir='ltr'><strong>criminis</strong></span> <span class='ocrx_word' id='word_1_91' title='bbox 932 1221 1274 1291; x_wconf 80' lang='lat' dir='ltr'><strong>adulteriique</strong></span> <span class='ocrx_word' id='word_1_92' title='bbox 1296 1237 1487 1291; x_wconf 80' lang='lat' dir='ltr'><strong>genere</strong></span> <span class='ocrx_word' id='word_1_93' title='bbox 1509 1222 1685 1275; x_wconf 87' lang='lat' dir='ltr'><strong>inesse</strong></span> <span class='ocrx_word' id='word_1_94' title='bbox 1700 1227 1875 1292; x_wconf 86' lang='lat' dir='ltr'><strong>potest</strong></span> <span class='ocrx_word' id='word_1_95' title='bbox 1895 1221 2158 1291; x_wconf 79' lang='lat' dir='ltr'><strong>mysterii,</strong></span> <span class='ocrx_word' id='word_1_96' title='bbox 2181 1227 2242 1275; x_wconf 87' lang='lat' dir='ltr'><strong>ut</strong></span> <span class='ocrx_word' id='word_1_97' title='bbox 2263 1237 2384 1276; x_wconf 87' lang='lat' dir='ltr'><strong>cum</strong></span> <span class='ocrx_word' id='word_1_98' title='bbox 2406 1222 2497 1286; x_wconf 86' lang='lat' dir='ltr'><strong>iis,</strong></span> <span class='ocrx_word' id='word_1_99' title='bbox 2520 1223 2613 1292; x_wconf 84' lang='lat' dir='ltr'><strong>qui</strong></span> 
     </span>
     <span class='ocr_line' id='line_1_11' title="bbox 273 1307 2612 1380; baseline -0.001 -17"><span class='ocrx_word' id='word_1_100' title='bbox 273 1309 574 1379; x_wconf 59' lang='lat' dir='ltr'><strong>negandam</strong></span> <span class='ocrx_word' id='word_1_101' title='bbox 607 1308 836 1380; x_wconf 85' lang='lat' dir='ltr'><strong>peccatis</strong></span> <span class='ocrx_word' id='word_1_102' title='bbox 871 1308 1114 1362; x_wconf 87' lang='lat' dir='ltr'><strong>omnibus</strong></span> <span class='ocrx_word' id='word_1_103' title='bbox 1148 1307 1491 1361; x_wconf 81' lang='lat' dir='ltr'><strong>atrocioribus</strong></span> <span class='ocrx_word' id='word_1_104' title='bbox 1526 1307 1899 1377; x_wconf 84' lang='lat' dir='ltr'><strong>poenitentiam</strong></span> <span class='ocrx_word' id='word_1_105' title='bbox 1935 1308 2459 1377; x_wconf 76' lang='lat' dir='ltr'><strong>communionemque</strong></span> <span class='ocrx_word' id='word_1_106' title='bbox 2493 1323 2612 1360; x_wconf 90' lang='lat' dir='ltr'><strong>cen·</strong></span> 
     </span>
     <span class='ocr_line' id='line_1_12' title="bbox 275 1391 2612 1463; baseline -0.001 -15"><span class='ocrx_word' id='word_1_107' title='bbox 275 1401 505 1459; x_wconf 72' lang='lat' dir='ltr'><strong>suerent,</strong></span> <span class='ocrx_word' id='word_1_108' title='bbox 530 1392 747 1447; x_wconf 80' lang='lat' dir='ltr'><strong>Nicaeni</strong></span> <span class='ocrx_word' id='word_1_109' title='bbox 767 1399 942 1463; x_wconf 78' lang='lat' dir='ltr'><strong>patres</strong></span> <span class='ocrx_word' id='word_1_110' title='bbox 965 1391 1029 1445; x_wconf 83' lang='lat' dir='ltr'><strong>de</strong></span> <span class='ocrx_word' id='word_1_111' title='bbox 1058 1408 1163 1445; x_wconf 87' lang='lat' dir='ltr'><strong>uno</strong></span> <span class='ocrx_word' id='word_1_112' title='bbox 1186 1391 1276 1445; x_wconf 88' lang='lat' dir='ltr'><strong>illo</strong></span> <span class='ocrx_word' id='word_1_113' title='bbox 1299 1392 1645 1463; x_wconf 74' lang='lat' dir='ltr'><strong>stipulentur?</strong></span> <span class='ocrx_word' id='word_1_114' title='bbox 1704 1392 1840 1446; x_wconf 80' lang='lat' dir='ltr'><strong>Nam</strong></span> <span class='ocrx_word' id='word_1_115' title='bbox 1862 1392 2002 1463; x_wconf 87' lang='lat' dir='ltr'><strong>quod</strong></span> <span class='ocrx_word' id='word_1_116' title='bbox 2024 1409 2189 1447; x_wconf 89' lang='lat' dir='ltr'><strong>unum</strong></span> <span class='ocrx_word' id='word_1_117' title='bbox 2213 1391 2397 1446; x_wconf 82' lang='lat' dir='ltr'><strong>afferre</strong></span> <span class='ocrx_word' id='word_1_118' title='bbox 2421 1398 2612 1463; x_wconf 86' lang='lat' dir='ltr'><strong>potest,</strong></span> 
     </span>
     <span class='ocr_line' id='line_1_13' title="bbox 275 1477 2615 1549; baseline -0.001 -15"><span class='ocrx_word' id='word_1_119' title='bbox 275 1482 475 1534; x_wconf 64' lang='lat' dir='ltr'><strong>asculi</strong></span> <span class='ocrx_word' id='word_1_120' title='bbox 497 1480 706 1549; x_wconf 80' lang='lat' dir='ltr'><strong>legibus</strong></span> <span class='ocrx_word' id='word_1_121' title='bbox 739 1478 980 1533; x_wconf 82' lang='lat' dir='ltr'><strong>adulterii</strong></span> <span class='ocrx_word' id='word_1_122' title='bbox 1012 1493 1180 1548; x_wconf 82' lang='lat' dir='ltr'><strong>genus</strong></span> <span class='ocrx_word' id='word_1_123' title='bbox 1214 1477 1343 1530; x_wconf 90' lang='lat' dir='ltr'><strong>illud</strong></span> <span class='ocrx_word' id='word_1_124' title='bbox 1376 1477 1540 1531; x_wconf 79' lang='lat' dir='ltr'><strong>fuisse</strong></span> <span class='ocrx_word' id='word_1_125' title='bbox 1575 1494 1909 1543; x_wconf 86' lang='lat' dir='ltr'><strong>concessum,</strong></span> <span class='ocrx_word' id='word_1_126' title='bbox 1944 1477 2061 1531; x_wconf 88' lang='lat' dir='ltr'><strong>ideo</strong></span> <span class='ocrx_word' id='word_1_127' title='bbox 2094 1483 2421 1531; x_wconf 88' lang='lat' dir='ltr'><strong>momentum</strong></span> <span class='ocrx_word' id='word_1_128' title='bbox 2457 1477 2615 1533; x_wconf 79' lang='lat' dir='ltr'><strong>habet</strong></span> 
     </span>
     <span class='ocr_line' id='line_1_14' title="bbox 274 1562 2616 1635; baseline -0.001 -16"><span class='ocrx_word' id='word_1_129' title='bbox 274 1566 503 1631; x_wconf 84' lang='lat' dir='ltr'><strong>nullum,</strong></span> <span class='ocrx_word' id='word_1_130' title='bbox 538 1565 812 1635; x_wconf 77' lang='lat' dir='ltr'><strong>quoniam,</strong></span> <span class='ocrx_word' id='word_1_131' title='bbox 846 1569 906 1616; x_wconf 93' lang='lat' dir='ltr'><strong>ut</strong></span> <span class='ocrx_word' id='word_1_132' title='bbox 925 1563 1148 1633; x_wconf 87' lang='lat' dir='ltr'><strong>ipsemet</strong></span> <span class='ocrx_word' id='word_1_133' title='bbox 1164 1562 1372 1628; x_wconf 81' lang='lat' dir='ltr'><strong>asserit,</strong></span> <span class='ocrx_word' id='word_1_134' title='bbox 1395 1579 1667 1633; x_wconf 87' lang='lat' dir='ltr'><strong>nunquam</strong></span> <span class='ocrx_word' id='word_1_135' title='bbox 1690 1563 1743 1616; x_wconf 85' lang='lat' dir='ltr'><strong>id</strong></span> <span class='ocrx_word' id='word_1_136' title='bbox 1765 1564 2017 1617; x_wconf 83' lang='lat' dir='ltr'><strong>eeclesiae</strong></span> <span class='ocrx_word' id='word_1_137' title='bbox 2038 1563 2340 1633; x_wconf 70' lang='lat' dir='ltr'><strong>persuaderi</strong></span> <span class='ocrx_word' id='word_1_138' title='bbox 2362 1565 2533 1634; x_wconf 85' lang='lat' dir='ltr'><strong>potuit</strong></span> <span class='ocrx_word' id='word_1_139' title='bbox 2554 1569 2616 1616; x_wconf 90' lang='lat' dir='ltr'><strong>ut</strong></span> 
     </span>
     <span class='ocr_line' id='line_1_15' title="bbox 277 1647 2614 1719; baseline -0.001 -15"><span class='ocrx_word' id='word_1_140' title='bbox 277 1651 484 1705; x_wconf 80' lang='lat' dir='ltr'><strong>divortii</strong></span> <span class='ocrx_word' id='word_1_141' title='bbox 507 1666 719 1704; x_wconf 64' lang='lat' dir='ltr'><strong>caumas</strong></span> <span class='ocrx_word' id='word_1_142' title='bbox 741 1650 859 1703; x_wconf 85' lang='lat' dir='ltr'><strong>illas</strong></span> <span class='ocrx_word' id='word_1_143' title='bbox 887 1649 1222 1719; x_wconf 78' lang='lat' dir='ltr'><strong>approbaret,</strong></span> <span class='ocrx_word' id='word_1_144' title='bbox 1258 1654 1350 1701; x_wconf 89' lang='lat' dir='ltr'><strong>aut</strong></span> <span class='ocrx_word' id='word_1_145' title='bbox 1383 1648 1532 1701; x_wconf 81' lang='lat' dir='ltr'><strong>aliter</strong></span> <span class='ocrx_word' id='word_1_146' title='bbox 1565 1649 1630 1701; x_wconf 89' lang='lat' dir='ltr'><strong>de</strong></span> <span class='ocrx_word' id='word_1_147' title='bbox 1665 1647 1890 1718; x_wconf 83' lang='lat' dir='ltr'><strong>digamis</strong></span> <span class='ocrx_word' id='word_1_148' title='bbox 1922 1649 2039 1702; x_wconf 83' lang='lat' dir='ltr'><strong>istis</strong></span> <span class='ocrx_word' id='word_1_149' title='bbox 2074 1664 2235 1718; x_wconf 84' lang='lat' dir='ltr'><strong>quam</strong></span> <span class='ocrx_word' id='word_1_150' title='bbox 2269 1649 2335 1703; x_wconf 84' lang='lat' dir='ltr'><strong>de</strong></span> <span class='ocrx_word' id='word_1_151' title='bbox 2368 1648 2614 1702; x_wconf 80' lang='lat' dir='ltr'><strong>adulteris</strong></span> 
     </span>
     <span class='ocr_line' id='line_1_16' title="bbox 277 1732 2616 1804; baseline -0.001 -14"><span class='ocrx_word' id='word_1_152' title='bbox 277 1743 545 1790; x_wconf 78' lang='lat' dir='ltr'><strong>statueret.</strong></span> <span class='ocrx_word' id='word_1_153' title='bbox 603 1734 774 1800; x_wconf 85' lang='lat' dir='ltr'><strong>Quare</strong></span> <span class='ocrx_word' id='word_1_154' title='bbox 805 1733 984 1787; x_wconf 79' lang='lat' dir='ltr'><strong>eadem</strong></span> <span class='ocrx_word' id='word_1_155' title='bbox 1016 1732 1227 1798; x_wconf 88' lang='lat' dir='ltr'><strong>horum,</strong></span> <span class='ocrx_word' id='word_1_156' title='bbox 1262 1747 1396 1803; x_wconf 86' lang='lat' dir='ltr'><strong>quae</strong></span> <span class='ocrx_word' id='word_1_157' title='bbox 1426 1738 1480 1786; x_wconf 91' lang='lat' dir='ltr'><strong>et</strong></span> <span class='ocrx_word' id='word_1_158' title='bbox 1501 1733 1856 1787; x_wconf 87' lang='lat' dir='ltr'><strong>adulterorum</strong></span> <span class='ocrx_word' id='word_1_159' title='bbox 1878 1741 2228 1799; x_wconf 79' lang='lat' dir='ltr'><strong>caeterorum,</strong></span> <span class='ocrx_word' id='word_1_160' title='bbox 2262 1741 2339 1800; x_wconf 88' lang='lat' dir='ltr'><strong>et,</strong></span> <span class='ocrx_word' id='word_1_161' title='bbox 2375 1736 2513 1804; x_wconf 86' lang='lat' dir='ltr'><strong>quod</strong></span> <span class='ocrx_word' id='word_1_162' title='bbox 2548 1734 2616 1789; x_wconf 89' lang='lat' dir='ltr'><strong>ad</strong></span> 
     </span>
     <span class='ocr_line' id='line_1_17' title="bbox 279 1819 2616 1891; baseline -0.001 -16"><span class='ocrx_word' id='word_1_163' title='bbox 279 1822 691 1876; x_wconf 76' lang='lat' dir='ltr'><strong>Novatianorum</strong></span> <span class='ocrx_word' id='word_1_164' title='bbox 713 1820 986 1890; x_wconf 83' lang='lat' dir='ltr'><strong>negotium</strong></span> <span class='ocrx_word' id='word_1_165' title='bbox 1009 1824 1233 1890; x_wconf 78' lang='lat' dir='ltr'><strong>spectat,</strong></span> <span class='ocrx_word' id='word_1_166' title='bbox 1265 1833 1424 1889; x_wconf 76' lang='lat' dir='ltr'><strong>quam</strong></span> <span class='ocrx_word' id='word_1_167' title='bbox 1455 1826 1787 1889; x_wconf 86' lang='lat' dir='ltr'><strong>peccatorum</strong></span> <span class='ocrx_word' id='word_1_168' title='bbox 1813 1820 2074 1884; x_wconf 89' lang='lat' dir='ltr'><strong>omnium,</strong></span> <span class='ocrx_word' id='word_1_169' title='bbox 2109 1820 2242 1872; x_wconf 86' lang='lat' dir='ltr'><strong>ratio</strong></span> <span class='ocrx_word' id='word_1_170' title='bbox 2265 1819 2447 1873; x_wconf 85' lang='lat' dir='ltr'><strong>haberi</strong></span> <span class='ocrx_word' id='word_1_171' title='bbox 2470 1835 2503 1872; x_wconf 84' lang='lat' dir='ltr'><strong>a</strong></span> <span class='ocrx_word' id='word_1_172' title='bbox 2525 1835 2616 1891; x_wconf 84' lang='lat' dir='ltr'><strong>pa·</strong></span> 
     </span>
     <span class='ocr_line' id='line_1_18' title="bbox 278 1903 2615 1975; baseline -0.001 -15"><span class='ocrx_word' id='word_1_173' title='bbox 278 1908 445 1961; x_wconf 79' lang='lat' dir='ltr'><strong>tribus</strong></span> <span class='ocrx_word' id='word_1_174' title='bbox 463 1906 660 1960; x_wconf 73' lang='lat' dir='ltr'><strong>debuit.</strong></span> <span class='ocrx_word' id='word_1_175' title='bbox 694 1904 875 1975; x_wconf 79' lang='lat' dir='ltr'><strong>ltaque</strong></span> <span class='ocrx_word' id='word_1_176' title='bbox 893 1904 1108 1958; x_wconf 85' lang='lat' dir='ltr'><strong>dubium</strong></span> <span class='ocrx_word' id='word_1_177' title='bbox 1125 1903 1326 1957; x_wconf 88' lang='lat' dir='ltr'><strong>nullum</strong></span> <span class='ocrx_word' id='word_1_178' title='bbox 1350 1910 1430 1958; x_wconf 87' lang='lat' dir='ltr'><strong>est</strong></span> <span class='ocrx_word' id='word_1_179' title='bbox 1446 1905 1572 1974; x_wconf 85' lang='lat' dir='ltr'><strong>quin</strong></span> <span class='ocrx_word' id='word_1_180' title='bbox 1591 1904 1843 1958; x_wconf 79' lang='lat' dir='ltr'><strong>adversus</strong></span> <span class='ocrx_word' id='word_1_181' title='bbox 1859 1904 2189 1975; x_wconf 85' lang='lat' dir='ltr'><strong>digamorum</strong></span> <span class='ocrx_word' id='word_1_182' title='bbox 2213 1920 2381 1975; x_wconf 85' lang='lat' dir='ltr'><strong>genus</strong></span> <span class='ocrx_word' id='word_1_183' title='bbox 2403 1906 2615 1958; x_wconf 85' lang='lat' dir='ltr'><strong>tertium</strong></span> 
     </span>
     <span class='ocr_line' id='line_1_19' title="bbox 279 1989 2618 2046; baseline -0.001 0"><span class='ocrx_word' id='word_1_184' title='bbox 279 2009 310 2046; x_wconf 84' lang='lat' dir='ltr'><strong>a</strong></span> <span class='ocrx_word' id='word_1_185' title='bbox 329 1992 595 2046; x_wconf 66' lang='lat' dir='ltr'><strong>veteribus</strong></span> <span class='ocrx_word' id='word_1_186' title='bbox 618 1991 850 2044; x_wconf 75' lang='lat' dir='ltr'><strong>conciliis</strong></span> <span class='ocrx_word' id='word_1_187' title='bbox 873 1990 1164 2043; x_wconf 76' lang='lat' dir='ltr'><strong>severitatis</strong></span> <span class='ocrx_word' id='word_1_188' title='bbox 1185 1989 1355 2042; x_wconf 82' lang='lat' dir='ltr'><strong>aculei</strong></span> <span class='ocrx_word' id='word_1_189' title='bbox 1376 1989 1451 2042; x_wconf 89' lang='lat' dir='ltr'><strong>illi</strong></span> <span class='ocrx_word' id='word_1_190' title='bbox 1475 1989 1693 2043; x_wconf 85' lang='lat' dir='ltr'><strong>districti</strong></span> <span class='ocrx_word' id='word_1_191' title='bbox 1714 1989 1922 2046; x_wconf 75' lang='lat' dir='ltr'><strong>fuerint.</strong></span> <span class='ocrx_word' id='word_1_192' title='bbox 1982 1989 2090 2043; x_wconf 89' lang='lat' dir='ltr'><strong>Nec</strong></span> <span class='ocrx_word' id='word_1_193' title='bbox 2113 1991 2263 2044; x_wconf 85' lang='lat' dir='ltr'><strong>aliter</strong></span> <span class='ocrx_word' id='word_1_194' title='bbox 2284 1989 2530 2044; x_wconf 83' lang='lat' dir='ltr'><strong>Balsamo</strong></span> <span class='ocrx_word' id='word_1_195' title='bbox 2556 2005 2618 2044; x_wconf 84' lang='lat' dir='ltr'><strong>ac</strong></span> 
     </span>
     <span class='ocr_line' id='line_1_20' title="bbox 277 2074 1754 2147; baseline -0.001 -16"><span class='ocrx_word' id='word_1_196' title='bbox 277 2078 512 2131; x_wconf 79' lang='lat' dir='ltr'><strong>Zonaras</strong></span> <span class='ocrx_word' id='word_1_197' title='bbox 535 2077 729 2147; x_wconf 87' lang='lat' dir='ltr'><strong>aliique</strong></span> <span class='ocrx_word' id='word_1_198' title='bbox 750 2077 1055 2146; x_wconf 74' lang='lat' dir='ltr'><strong>interpretes</strong></span> <span class='ocrx_word' id='word_1_199' title='bbox 1080 2089 1308 2128; x_wconf 82' lang='lat' dir='ltr'><strong>canones</strong></span> <span class='ocrx_word' id='word_1_200' title='bbox 1329 2074 1448 2128; x_wconf 88' lang='lat' dir='ltr'><strong>illos</strong></span> <span class='ocrx_word' id='word_1_201' title='bbox 1473 2076 1754 2145; x_wconf 72' lang='lat' dir='ltr'><strong>explicant.</strong></span> 
     </span>
    </p>

    <p class='ocr_par' dir='ltr' id='par_1_3' title="bbox 277 2156 2823 4707">
     <span class='ocr_line' id='line_1_21' title="bbox 413 2156 2617 2232; baseline 0.001 -18"><span class='ocrx_word' id='word_1_202' title='bbox 413 2158 634 2232; x_wconf 72' lang='grc' dir='ltr'>Στιφάνη</span> <span class='ocrx_word' id='word_1_203' title='bbox 659 2160 714 2213; x_wconf 63' lang='grc' dir='ltr'><strong>δὲ</strong></span> <span class='ocrx_word' id='word_1_204' title='bbox 736 2161 924 2212; x_wconf 78' lang='grc' dir='ltr'>τούτων</span> <span class='ocrx_word' id='word_1_205' title='bbox 948 2158 1161 2228; x_wconf 74' lang='grc' dir='ltr'><strong>πάντων,</strong></span> <span class='ocrx_word' id='word_1_206' title='bbox 1187 2156 1253 2221; x_wconf 78' lang='grc' dir='ltr'><strong>ὡς</strong></span> <span class='ocrx_word' id='word_1_207' title='bbox 1278 2157 1464 2227; x_wconf 61' lang='lat' dir='ltr'><strong>sinam]</strong></span> <span class='ocrx_word' id='word_1_208' title='bbox 1515 2160 1592 2214; x_wconf 89' lang='lat' dir='ltr'><strong>De</strong></span> <span class='ocrx_word' id='word_1_209' title='bbox 1628 2161 1935 2214; x_wconf 87' lang='lat' dir='ltr'><strong>clericorum</strong></span> <span class='ocrx_word' id='word_1_210' title='bbox 1970 2162 2291 2216; x_wconf 83' lang='lat' dir='ltr'><strong>continentia</strong></span> <span class='ocrx_word' id='word_1_211' title='bbox 2324 2177 2387 2216; x_wconf 87' lang='lat' dir='ltr'><strong>ae</strong></span> <span class='ocrx_word' id='word_1_212' title='bbox 2419 2163 2617 2216; x_wconf 86' lang='lat' dir='ltr'><strong>coelibe</strong></span> 
     </span>
     <span class='ocr_line' id='line_1_22' title="bbox 277 2244 2618 2317; baseline -0 -15"><span class='ocrx_word' id='word_1_213' title='bbox 277 2249 388 2302; x_wconf 72' lang='lat' dir='ltr'><strong>vita</strong></span> <span class='ocrx_word' id='word_1_214' title='bbox 407 2248 624 2301; x_wconf 86' lang='lat' dir='ltr'><strong>illustris</strong></span> <span class='ocrx_word' id='word_1_215' title='bbox 656 2245 738 2300; x_wconf 81' lang='lat' dir='ltr'><strong>hic</strong></span> <span class='ocrx_word' id='word_1_216' title='bbox 763 2244 1041 2317; x_wconf 82' lang='lat' dir='ltr'><strong>Epiphanii</strong></span> <span class='ocrx_word' id='word_1_217' title='bbox 1069 2245 1214 2299; x_wconf 82' lang='lat' dir='ltr'><strong>loeus</strong></span> <span class='ocrx_word' id='word_1_218' title='bbox 1248 2251 1341 2300; x_wconf 85' lang='lat' dir='ltr'><strong>est.</strong></span> <span class='ocrx_word' id='word_1_219' title='bbox 1402 2245 1506 2299; x_wconf 82' lang='lat' dir='ltr'><strong>Sed</strong></span> <span class='ocrx_word' id='word_1_220' title='bbox 1540 2247 1597 2299; x_wconf 90' lang='lat' dir='ltr'><strong>in</strong></span> <span class='ocrx_word' id='word_1_221' title='bbox 1633 2246 1975 2301; x_wconf 80' lang='lat' dir='ltr'><strong>catharorum</strong></span> <span class='ocrx_word' id='word_1_222' title='bbox 2009 2245 2211 2301; x_wconf 82' lang='lat' dir='ltr'><strong>haeresi</strong></span> <span class='ocrx_word' id='word_1_223' title='bbox 2232 2263 2341 2300; x_wconf 78' lang='lat' dir='ltr'><strong>mx.</strong></span> <span class='ocrx_word' id='word_1_224' title='bbox 2376 2263 2521 2303; x_wconf 89' lang='lat' dir='ltr'><strong>num.</strong></span> <span class='ocrx_word' id='word_1_225' title='bbox 2544 2265 2618 2301; x_wconf 80' lang='lat' dir='ltr'><strong>rv.</strong></span> 
     </span>
     <span class='ocr_line' id='line_1_23' title="bbox 278 2331 2617 2404; baseline -0.001 -16"><span class='ocrx_word' id='word_1_226' title='bbox 278 2335 438 2404; x_wconf 80' lang='lat' dir='ltr'><strong>longe</strong></span> <span class='ocrx_word' id='word_1_227' title='bbox 459 2333 690 2403; x_wconf 87' lang='lat' dir='ltr'><strong>apertius</strong></span> <span class='ocrx_word' id='word_1_228' title='bbox 714 2338 870 2402; x_wconf 75' lang='lat' dir='ltr'><strong>atque</strong></span> <span class='ocrx_word' id='word_1_229' title='bbox 892 2332 1153 2402; x_wconf 81' lang='lat' dir='ltr'><strong>insignius</strong></span> <span class='ocrx_word' id='word_1_230' title='bbox 1176 2331 1583 2386; x_wconf 79' lang='lat' dir='ltr'><strong>eeclesiasticam</strong></span> <span class='ocrx_word' id='word_1_231' title='bbox 1615 2331 1713 2385; x_wconf 89' lang='lat' dir='ltr'><strong>hac</strong></span> <span class='ocrx_word' id='word_1_232' title='bbox 1744 2333 1798 2386; x_wconf 90' lang='lat' dir='ltr'><strong>in</strong></span> <span class='ocrx_word' id='word_1_233' title='bbox 1822 2349 1877 2386; x_wconf 90' lang='lat' dir='ltr'><strong>re</strong></span> <span class='ocrx_word' id='word_1_234' title='bbox 1900 2332 2332 2386; x_wconf 78' lang='lat' dir='ltr'><strong>consuetudinem</strong></span> <span class='ocrx_word' id='word_1_235' title='bbox 2355 2335 2617 2403; x_wconf 72' lang='lat' dir='ltr'><strong>exposuit.</strong></span> 
     </span>
     <span class='ocr_line' id='line_1_24' title="bbox 279 2417 2619 2489; baseline 0 -17"><span class='ocrx_word' id='word_1_236' title='bbox 279 2418 448 2473; x_wconf 82' lang='lat' dir='ltr'><strong>Docet</strong></span> <span class='ocrx_word' id='word_1_237' title='bbox 468 2418 608 2472; x_wconf 88' lang='lat' dir='ltr'><strong>enim</strong></span> <span class='ocrx_word' id='word_1_238' title='bbox 629 2417 887 2488; x_wconf 82' lang='lat' dir='ltr'><strong>imprimis</strong></span> <span class='ocrx_word' id='word_1_239' title='bbox 910 2419 1214 2488; x_wconf 84' lang='lat' dir='ltr'><strong>episcopum</strong></span> <span class='ocrx_word' id='word_1_240' title='bbox 1243 2425 1336 2471; x_wconf 84' lang='lat' dir='ltr'><strong>aut</strong></span> <span class='ocrx_word' id='word_1_241' title='bbox 1357 2417 1718 2489; x_wconf 74' lang='lat' dir='ltr'><strong>presbyterum</strong></span> <span class='ocrx_word' id='word_1_242' title='bbox 1751 2424 1844 2471; x_wconf 89' lang='lat' dir='ltr'><strong>aut</strong></span> <span class='ocrx_word' id='word_1_243' title='bbox 1865 2419 2143 2472; x_wconf 85' lang='lat' dir='ltr'><strong>diaconum</strong></span> <span class='ocrx_word' id='word_1_244' title='bbox 2174 2431 2245 2471; x_wconf 79' lang='lat' dir='ltr'><strong>ex</strong></span> <span class='ocrx_word' id='word_1_245' title='bbox 2277 2417 2501 2488; x_wconf 79' lang='lat' dir='ltr'><strong>digamis</strong></span> <span class='ocrx_word' id='word_1_246' title='bbox 2538 2435 2619 2472; x_wconf 87' lang='lat' dir='ltr'><strong>or-</strong></span> 
     </span>
     <span class='ocr_line' id='line_1_25' title="bbox 280 2503 2621 2574; baseline -0 -16"><span class='ocrx_word' id='word_1_247' title='bbox 280 2504 450 2558; x_wconf 77' lang='lat' dir='ltr'><strong>dinari</strong></span> <span class='ocrx_word' id='word_1_248' title='bbox 469 2504 748 2557; x_wconf 85' lang='lat' dir='ltr'><strong>neminem.</strong></span> <span class='ocrx_word' id='word_1_249' title='bbox 796 2503 933 2558; x_wconf 86' lang='lat' dir='ltr'><strong>Tum</strong></span> <span class='ocrx_word' id='word_1_250' title='bbox 954 2519 1124 2574; x_wconf 88' lang='lat' dir='ltr'><strong>neque</strong></span> <span class='ocrx_word' id='word_1_251' title='bbox 1146 2504 1243 2557; x_wconf 81' lang='lat' dir='ltr'><strong>hos</strong></span> <span class='ocrx_word' id='word_1_252' title='bbox 1265 2519 1436 2574; x_wconf 86' lang='lat' dir='ltr'><strong>neque</strong></span> <span class='ocrx_word' id='word_1_253' title='bbox 1459 2503 1842 2558; x_wconf 73' lang='lat' dir='ltr'><strong>subdiaconum</strong></span> <span class='ocrx_word' id='word_1_254' title='bbox 1865 2504 2016 2557; x_wconf 84' lang='lat' dir='ltr'><strong>aliter</strong></span> <span class='ocrx_word' id='word_1_255' title='bbox 2038 2504 2332 2558; x_wconf 84' lang='lat' dir='ltr'><strong>consecrari</strong></span> <span class='ocrx_word' id='word_1_256' title='bbox 2356 2519 2514 2574; x_wconf 87' lang='lat' dir='ltr'><strong>quam</strong></span> <span class='ocrx_word' id='word_1_257' title='bbox 2536 2506 2621 2558; x_wconf 71' lang='lat' dir='ltr'><strong>vel</strong></span> 
     </span>
     <span class='ocr_line' id='line_1_26' title="bbox 280 2588 2618 2662; baseline -0 -18"><span class='ocrx_word' id='word_1_258' title='bbox 280 2590 477 2662; x_wconf 76' lang='lat' dir='ltr'><strong>priore,</strong></span> <span class='ocrx_word' id='word_1_259' title='bbox 510 2604 677 2660; x_wconf 85' lang='lat' dir='ltr'><strong>eaque</strong></span> <span class='ocrx_word' id='word_1_260' title='bbox 699 2588 883 2654; x_wconf 83' lang='lat' dir='ltr'><strong>unica,</strong></span> <span class='ocrx_word' id='word_1_261' title='bbox 915 2589 1138 2660; x_wconf 85' lang='lat' dir='ltr'><strong>coniuge</strong></span> <span class='ocrx_word' id='word_1_262' title='bbox 1161 2595 1395 2655; x_wconf 77' lang='lat' dir='ltr'><strong>mortua,</strong></span> <span class='ocrx_word' id='word_1_263' title='bbox 1424 2589 1505 2641; x_wconf 80' lang='lat' dir='ltr'><strong>vel</strong></span> <span class='ocrx_word' id='word_1_264' title='bbox 1530 2589 1598 2642; x_wconf 92' lang='lat' dir='ltr'><strong>ab</strong></span> <span class='ocrx_word' id='word_1_265' title='bbox 1622 2588 1855 2643; x_wconf 88' lang='lat' dir='ltr'><strong>eiusdem</strong></span> <span class='ocrx_word' id='word_1_266' title='bbox 1877 2589 2101 2643; x_wconf 76' lang='lat' dir='ltr'><strong>viventis</strong></span> <span class='ocrx_word' id='word_1_267' title='bbox 2124 2590 2386 2643; x_wconf 84' lang='lat' dir='ltr'><strong>consortio</strong></span> <span class='ocrx_word' id='word_1_268' title='bbox 2412 2605 2474 2642; x_wconf 85' lang='lat' dir='ltr'><strong>ac</strong></span> <span class='ocrx_word' id='word_1_269' title='bbox 2497 2606 2618 2643; x_wconf 87' lang='lat' dir='ltr'><strong>con·</strong></span> 
     </span>
     <span class='ocr_line' id='line_1_27' title="bbox 283 2675 2617 2745; baseline -0.001 -15"><span class='ocrx_word' id='word_1_270' title='bbox 283 2676 560 2730; x_wconf 84' lang='lat' dir='ltr'><strong>suetudine</strong></span> <span class='ocrx_word' id='word_1_271' title='bbox 582 2676 883 2738; x_wconf 80' lang='lat' dir='ltr'><strong>distractos,</strong></span> <span class='ocrx_word' id='word_1_272' title='bbox 905 2675 1010 2728; x_wconf 86' lang='lat' dir='ltr'><strong>nisi</strong></span> <span class='ocrx_word' id='word_1_273' title='bbox 1027 2676 1256 2745; x_wconf 83' lang='lat' dir='ltr'><strong>virgines</strong></span> <span class='ocrx_word' id='word_1_274' title='bbox 1281 2675 1494 2728; x_wconf 87' lang='lat' dir='ltr'><strong>omnino</strong></span> <span class='ocrx_word' id='word_1_275' title='bbox 1518 2675 1640 2739; x_wconf 86' lang='lat' dir='ltr'><strong>sint,</strong></span> <span class='ocrx_word' id='word_1_276' title='bbox 1663 2675 1967 2744; x_wconf 84' lang='lat' dir='ltr'><strong>praesertim</strong></span> <span class='ocrx_word' id='word_1_277' title='bbox 1990 2675 2080 2728; x_wconf 88' lang='lat' dir='ltr'><strong>ubi</strong></span> <span class='ocrx_word' id='word_1_278' title='bbox 2104 2675 2440 2728; x_wconf 75' lang='lat' dir='ltr'><strong>ecclesiastici</strong></span> <span class='ocrx_word' id='word_1_279' title='bbox 2463 2690 2617 2728; x_wconf 86' lang='lat' dir='ltr'><strong>cano-</strong></span> 
     </span>
     <span class='ocr_line' id='line_1_28' title="bbox 282 2759 2618 2831; baseline -0.001 -16"><span class='ocrx_word' id='word_1_280' title='bbox 282 2778 376 2815; x_wconf 86' lang='lat' dir='ltr'><strong>nes</strong></span> <span class='ocrx_word' id='word_1_281' title='bbox 397 2767 640 2815; x_wconf 78' lang='lat' dir='ltr'><strong>accurate</strong></span> <span class='ocrx_word' id='word_1_282' title='bbox 659 2766 948 2814; x_wconf 77' lang='lat' dir='ltr'><strong>servantur.</strong></span> <span class='ocrx_word' id='word_1_283' title='bbox 985 2759 1117 2813; x_wconf 88' lang='lat' dir='ltr'><strong>Nam</strong></span> <span class='ocrx_word' id='word_1_284' title='bbox 1138 2759 1276 2831; x_wconf 85' lang='lat' dir='ltr'><strong>quod</strong></span> <span class='ocrx_word' id='word_1_285' title='bbox 1296 2760 1352 2812; x_wconf 90' lang='lat' dir='ltr'><strong>in</strong></span> <span class='ocrx_word' id='word_1_286' title='bbox 1370 2759 1684 2829; x_wconf 85' lang='lat' dir='ltr'><strong>quibusdam</strong></span> <span class='ocrx_word' id='word_1_287' title='bbox 1706 2759 1836 2812; x_wconf 84' lang='lat' dir='ltr'><strong>loeis</strong></span> <span class='ocrx_word' id='word_1_288' title='bbox 1854 2759 2167 2830; x_wconf 82' lang='lat' dir='ltr'><strong>presbyteri,</strong></span> <span class='ocrx_word' id='word_1_289' title='bbox 2191 2759 2399 2813; x_wconf 87' lang='lat' dir='ltr'><strong>diaconi</strong></span> <span class='ocrx_word' id='word_1_290' title='bbox 2421 2765 2475 2811; x_wconf 89' lang='lat' dir='ltr'><strong>et</strong></span> <span class='ocrx_word' id='word_1_291' title='bbox 2496 2760 2618 2812; x_wconf 88' lang='lat' dir='ltr'><strong>sub-</strong></span> 
     </span>
     <span class='ocr_line' id='line_1_29' title="bbox 281 2843 2621 2915; baseline -0 -16"><span class='ocrx_word' id='word_1_292' title='bbox 281 2846 488 2900; x_wconf 75' lang='lat' dir='ltr'><strong>diaconi</strong></span> <span class='ocrx_word' id='word_1_293' title='bbox 508 2846 700 2900; x_wconf 83' lang='lat' dir='ltr'><strong>liberos</strong></span> <span class='ocrx_word' id='word_1_294' title='bbox 723 2845 892 2899; x_wconf 81' lang='lat' dir='ltr'><strong>adhuc</strong></span> <span class='ocrx_word' id='word_1_295' title='bbox 916 2846 1227 2915; x_wconf 85' lang='lat' dir='ltr'><strong>suscipiant,</strong></span> <span class='ocrx_word' id='word_1_296' title='bbox 1261 2844 1315 2898; x_wconf 91' lang='lat' dir='ltr'><strong>id</strong></span> <span class='ocrx_word' id='word_1_297' title='bbox 1349 2844 1603 2898; x_wconf 81' lang='lat' dir='ltr'><strong>abusione</strong></span> <span class='ocrx_word' id='word_1_298' title='bbox 1638 2844 1865 2914; x_wconf 80' lang='lat' dir='ltr'><strong>quadam</strong></span> <span class='ocrx_word' id='word_1_299' title='bbox 1900 2860 1962 2898; x_wconf 83' lang='lat' dir='ltr'><strong>ac</strong></span> <span class='ocrx_word' id='word_1_300' title='bbox 1997 2843 2304 2914; x_wconf 82' lang='lat' dir='ltr'><strong>disciplinae</strong></span> <span class='ocrx_word' id='word_1_301' title='bbox 2327 2845 2621 2914; x_wconf 78' lang='lat' dir='ltr'><strong>corruptela</strong></span> 
     </span>
     <span class='ocr_line' id='line_1_30' title="bbox 280 2928 2620 3001; baseline -0.001 -17"><span class='ocrx_word' id='word_1_302' title='bbox 280 2931 418 2997; x_wconf 79' lang='lat' dir='ltr'><strong>fieri,</strong></span> <span class='ocrx_word' id='word_1_303' title='bbox 453 2938 546 2985; x_wconf 81' lang='lat' dir='ltr'><strong>aut</strong></span> <span class='ocrx_word' id='word_1_304' title='bbox 565 2947 687 2985; x_wconf 79' lang='lat' dir='ltr'><strong>vero</strong></span> <span class='ocrx_word' id='word_1_305' title='bbox 719 2932 1056 2996; x_wconf 65' lang='lat' dir='ltr'><strong>necestitate,</strong></span> <span class='ocrx_word' id='word_1_306' title='bbox 1088 2931 1180 2984; x_wconf 87' lang='lat' dir='ltr'><strong>ubi</strong></span> <span class='ocrx_word' id='word_1_307' title='bbox 1211 2946 1305 3001; x_wconf 89' lang='lat' dir='ltr'><strong>pro</strong></span> <span class='ocrx_word' id='word_1_308' title='bbox 1339 2930 1544 3000; x_wconf 81' lang='lat' dir='ltr'><strong>ingenti</strong></span> <span class='ocrx_word' id='word_1_309' title='bbox 1573 2930 1886 2999; x_wconf 88' lang='lat' dir='ltr'><strong>populorum</strong></span> <span class='ocrx_word' id='word_1_310' title='bbox 1907 2928 2242 2982; x_wconf 83' lang='lat' dir='ltr'><strong>multitudine</strong></span> <span class='ocrx_word' id='word_1_311' title='bbox 2262 2929 2620 2983; x_wconf 83' lang='lat' dir='ltr'><strong>ministrorum</strong></span> 
     </span>
     <span class='ocr_line' id='line_1_31' title="bbox 281 3014 2618 3088; baseline -0 -19"><span class='ocrx_word' id='word_1_312' title='bbox 281 3018 434 3087; x_wconf 78' lang='lat' dir='ltr'><strong>eopia</strong></span> <span class='ocrx_word' id='word_1_313' title='bbox 453 3033 563 3071; x_wconf 88' lang='lat' dir='ltr'><strong>non</strong></span> <span class='ocrx_word' id='word_1_314' title='bbox 584 3017 830 3088; x_wconf 75' lang='lat' dir='ltr'><strong>suppetit.</strong></span> <span class='ocrx_word' id='word_1_315' title='bbox 867 3016 997 3069; x_wconf 84' lang='lat' dir='ltr'><strong>Nam</strong></span> <span class='ocrx_word' id='word_1_316' title='bbox 1024 3016 1220 3085; x_wconf 89' lang='lat' dir='ltr'><strong>alioqui</strong></span> <span class='ocrx_word' id='word_1_317' title='bbox 1241 3015 1493 3069; x_wconf 83' lang='lat' dir='ltr'><strong>ecelesiae</strong></span> <span class='ocrx_word' id='word_1_318' title='bbox 1510 3015 1714 3068; x_wconf 83' lang='lat' dir='ltr'><strong>decreto</strong></span> <span class='ocrx_word' id='word_1_319' title='bbox 1738 3015 2043 3068; x_wconf 80' lang='lat' dir='ltr'><strong>clericorum</strong></span> <span class='ocrx_word' id='word_1_320' title='bbox 2067 3014 2336 3068; x_wconf 75' lang='lat' dir='ltr'><strong>ordinibus</strong></span> <span class='ocrx_word' id='word_1_321' title='bbox 2358 3015 2472 3068; x_wconf 82' lang='lat' dir='ltr'><strong>istis</strong></span> <span class='ocrx_word' id='word_1_322' title='bbox 2497 3030 2618 3068; x_wconf 83' lang='lat' dir='ltr'><strong>con·</strong></span> 
     </span>
     <span class='ocr_line' id='line_1_32' title="bbox 279 3099 2619 3172; baseline -0 -17"><span class='ocrx_word' id='word_1_323' title='bbox 279 3102 501 3155; x_wconf 79' lang='lat' dir='ltr'><strong>tinentia</strong></span> <span class='ocrx_word' id='word_1_324' title='bbox 530 3102 914 3172; x_wconf 66' lang='lat' dir='ltr'><strong>praescribitur.</strong></span> <span class='ocrx_word' id='word_1_325' title='bbox 974 3100 1090 3165; x_wconf 83' lang='lat' dir='ltr'><strong>Qua</strong></span> <span class='ocrx_word' id='word_1_326' title='bbox 1118 3099 1397 3172; x_wconf 80' lang='lat' dir='ltr'><strong>Epiphanii</strong></span> <span class='ocrx_word' id='word_1_327' title='bbox 1436 3101 1714 3154; x_wconf 76' lang='lat' dir='ltr'><strong>autoritate</strong></span> <span class='ocrx_word' id='word_1_328' title='bbox 1750 3100 1898 3154; x_wconf 89' lang='lat' dir='ltr'><strong>nulla</strong></span> <span class='ocrx_word' id='word_1_329' title='bbox 1926 3106 2020 3154; x_wconf 85' lang='lat' dir='ltr'><strong>aut</strong></span> <span class='ocrx_word' id='word_1_330' title='bbox 2050 3100 2344 3170; x_wconf 73' lang='lat' dir='ltr'><strong>expressior</strong></span> <span class='ocrx_word' id='word_1_331' title='bbox 2376 3108 2469 3153; x_wconf 80' lang='lat' dir='ltr'><strong>aut</strong></span> <span class='ocrx_word' id='word_1_332' title='bbox 2499 3114 2619 3154; x_wconf 81' lang='lat' dir='ltr'><strong>san-</strong></span> 
     </span>
     <span class='ocr_line' id='line_1_33' title="bbox 282 3185 2619 3258; baseline -0.001 -18"><span class='ocrx_word' id='word_1_333' title='bbox 282 3189 416 3241; x_wconf 83' lang='lat' dir='ltr'><strong>ctior</strong></span> <span class='ocrx_word' id='word_1_334' title='bbox 437 3186 619 3241; x_wconf 81' lang='lat' dir='ltr'><strong>haberi</strong></span> <span class='ocrx_word' id='word_1_335' title='bbox 640 3192 826 3258; x_wconf 83' lang='lat' dir='ltr'><strong>potest.</strong></span> <span class='ocrx_word' id='word_1_336' title='bbox 877 3187 1010 3240; x_wconf 88' lang='lat' dir='ltr'><strong>Huic</strong></span> <span class='ocrx_word' id='word_1_337' title='bbox 1041 3204 1135 3258; x_wconf 88' lang='lat' dir='ltr'><strong>par</strong></span> <span class='ocrx_word' id='word_1_338' title='bbox 1169 3192 1251 3239; x_wconf 81' lang='lat' dir='ltr'><strong>est</strong></span> <span class='ocrx_word' id='word_1_339' title='bbox 1282 3202 1343 3240; x_wconf 82' lang='lat' dir='ltr'><strong>ac</strong></span> <span class='ocrx_word' id='word_1_340' title='bbox 1376 3186 1647 3257; x_wconf 80' lang='lat' dir='ltr'><strong>geminum</strong></span> <span class='ocrx_word' id='word_1_341' title='bbox 1670 3186 1974 3256; x_wconf 77' lang='lat' dir='ltr'><strong>Hieronymi</strong></span> <span class='ocrx_word' id='word_1_342' title='bbox 1995 3186 2357 3240; x_wconf 86' lang='lat' dir='ltr'><strong>testimonium</strong></span> <span class='ocrx_word' id='word_1_343' title='bbox 2380 3185 2507 3239; x_wconf 86' lang='lat' dir='ltr'><strong>illud</strong></span> <span class='ocrx_word' id='word_1_344' title='bbox 2530 3186 2619 3239; x_wconf 88' lang='lat' dir='ltr'><strong>ad·</strong></span> 
     </span>
     <span class='ocr_line' id='line_1_34' title="bbox 282 3271 2620 3343; baseline 0 -18"><span class='ocrx_word' id='word_1_345' title='bbox 282 3289 467 3326; x_wconf 82' lang='lat' dir='ltr'><strong>versus</strong></span> <span class='ocrx_word' id='word_1_346' title='bbox 489 3272 859 3343; x_wconf 75' lang='lat' dir='ltr'><strong>vigilantium,</strong></span> <span class='ocrx_word' id='word_1_347' title='bbox 896 3272 1010 3341; x_wconf 89' lang='lat' dir='ltr'><strong>qui,</strong></span> <span class='ocrx_word' id='word_1_348' title='bbox 1047 3278 1107 3324; x_wconf 87' lang='lat' dir='ltr'><strong>ut</strong></span> <span class='ocrx_word' id='word_1_349' title='bbox 1138 3271 1237 3326; x_wconf 88' lang='lat' dir='ltr'><strong>hoc</strong></span> <span class='ocrx_word' id='word_1_350' title='bbox 1271 3278 1504 3343; x_wconf 80' lang='lat' dir='ltr'><strong>tempore</strong></span> <span class='ocrx_word' id='word_1_351' title='bbox 1536 3279 1797 3326; x_wconf 82' lang='lat' dir='ltr'><strong>nostrates</strong></span> <span class='ocrx_word' id='word_1_352' title='bbox 1829 3271 2100 3337; x_wconf 86' lang='lat' dir='ltr'><strong>haeretici,</strong></span> <span class='ocrx_word' id='word_1_353' title='bbox 2135 3271 2443 3326; x_wconf 83' lang='lat' dir='ltr'><strong>clericorum</strong></span> <span class='ocrx_word' id='word_1_354' title='bbox 2464 3273 2620 3326; x_wconf 80' lang='lat' dir='ltr'><strong>casti·</strong></span> 
     </span>
     <span class='ocr_line' id='line_1_35' title="bbox 281 3342 2624 3429; baseline 0 -18"><span class='ocrx_word' id='word_1_355' title='bbox 281 3358 516 3411; x_wconf 74' lang='lat' dir='ltr'><strong>monim</strong></span> <span class='ocrx_word' id='word_1_356' title='bbox 540 3357 895 3429; x_wconf 75' lang='lat' dir='ltr'><strong>oppugnabat.</strong></span> <span class='ocrx_word' id='word_1_357' title='bbox 957 3342 1337 3427; x_wconf 71' lang='lat' dir='ltr'><strong>Quidsc&#39;zcs&#39;ent,</strong></span> <span class='ocrx_word' id='word_1_358' title='bbox 1370 3357 1565 3428; x_wconf 85' lang='lat' dir='ltr'><strong>inquit,</strong></span> <span class='ocrx_word' id='word_1_359' title='bbox 1601 3362 1812 3411; x_wconf 56' lang='lat' dir='ltr'><strong>orientis</strong></span> <span class='ocrx_word' id='word_1_360' title='bbox 1835 3360 2116 3411; x_wconf 67' lang='lat' dir='ltr'><strong>ecclesiae?</strong></span> <span class='ocrx_word' id='word_1_361' title='bbox 2166 3359 2306 3420; x_wconf 70' lang='lat' dir='ltr'><strong>Quid</strong></span> <span class='ocrx_word' id='word_1_362' title='bbox 2325 3358 2554 3428; x_wconf 72' lang='lat' dir='ltr'><strong>Asyypts‘</strong></span> <span class='ocrx_word' id='word_1_363' title='bbox 2574 3369 2624 3412; x_wconf 77' lang='lat' dir='ltr'><strong>et</strong></span> 
     </span>
     <span class='ocr_line' id='line_1_36' title="bbox 280 3444 2620 3514; baseline 0 -17"><span class='ocrx_word' id='word_1_364' title='bbox 280 3446 419 3497; x_wconf 76' lang='lat' dir='ltr'><strong>sedis</strong></span> <span class='ocrx_word' id='word_1_365' title='bbox 439 3445 779 3514; x_wconf 65' lang='lat' dir='ltr'><strong>apostolicae,</strong></span> <span class='ocrx_word' id='word_1_366' title='bbox 813 3461 943 3512; x_wconf 72' lang='lat' dir='ltr'><strong>quae</strong></span> <span class='ocrx_word' id='word_1_367' title='bbox 965 3452 1060 3496; x_wconf 75' lang='lat' dir='ltr'><strong>aut</strong></span> <span class='ocrx_word' id='word_1_368' title='bbox 1078 3446 1304 3511; x_wconf 68' lang='lat' dir='ltr'><strong>virqae‘nee</strong></span> <span class='ocrx_word' id='word_1_369' title='bbox 1325 3444 1542 3496; x_wconf 66' lang='lat' dir='ltr'><strong>cler-icoc</strong></span> <span class='ocrx_word' id='word_1_370' title='bbox 1563 3447 1853 3513; x_wconf 72' lang='lat' dir='ltr'><strong>accipiunt,</strong></span> <span class='ocrx_word' id='word_1_371' title='bbox 1884 3452 1980 3496; x_wconf 73' lang='lat' dir='ltr'><strong>aut</strong></span> <span class='ocrx_word' id='word_1_372' title='bbox 1998 3448 2308 3497; x_wconf 62' lang='lat' dir='ltr'><strong>cotenu-»ntes</strong></span> <span class='ocrx_word' id='word_1_373' title='bbox 2328 3452 2401 3507; x_wconf 77' lang='lat' dir='ltr'><strong>et,</strong></span> <span class='ocrx_word' id='word_1_374' title='bbox 2432 3448 2482 3495; x_wconf 69' lang='lat' dir='ltr'><strong>ss·</strong></span> <span class='ocrx_word' id='word_1_375' title='bbox 2502 3462 2620 3497; x_wconf 67' lang='grc' dir='ltr'><strong>τιτο-</strong></span> 
     </span>
     <span class='ocr_line' id='line_1_37' title="bbox 281 3527 2621 3599; baseline 0 -18"><span class='ocrx_word' id='word_1_376' title='bbox 281 3547 364 3583; x_wconf 78' lang='lat' dir='ltr'><strong>res</strong></span> <span class='ocrx_word' id='word_1_377' title='bbox 385 3529 679 3594; x_wconf 66' lang='lat' dir='ltr'><strong>habuerint,</strong></span> <span class='ocrx_word' id='word_1_378' title='bbox 703 3532 885 3581; x_wconf 71' lang='lat' dir='ltr'><strong>mariti</strong></span> <span class='ocrx_word' id='word_1_379' title='bbox 906 3546 1010 3582; x_wconf 73' lang='lat' dir='ltr'><strong>me</strong></span> <span class='ocrx_word' id='word_1_380' title='bbox 1035 3531 1320 3581; x_wconf 67' lang='lat' dir='ltr'><strong>desierunt?</strong></span> <span class='ocrx_word' id='word_1_381' title='bbox 1367 3529 1541 3599; x_wconf 86' lang='lat' dir='ltr'><strong>Atque</strong></span> <span class='ocrx_word' id='word_1_382' title='bbox 1571 3527 1672 3582; x_wconf 86' lang='lat' dir='ltr'><strong>hcc</strong></span> <span class='ocrx_word' id='word_1_383' title='bbox 1700 3528 1913 3598; x_wconf 87' lang='lat' dir='ltr'><strong>quidem</strong></span> <span class='ocrx_word' id='word_1_384' title='bbox 1935 3529 2019 3582; x_wconf 79' lang='lat' dir='ltr'><strong>vel</strong></span> <span class='ocrx_word' id='word_1_385' title='bbox 2040 3529 2354 3582; x_wconf 78' lang='lat' dir='ltr'><strong>recentiores</strong></span> <span class='ocrx_word' id='word_1_386' title='bbox 2380 3528 2621 3582; x_wconf 82' lang='lat' dir='ltr'><strong>Graeculi</strong></span> 
     </span>
     <span class='ocr_line' id='line_1_38' title="bbox 281 3611 2823 3685; baseline 0.001 -18"><span class='ocrx_word' id='word_1_387' title='bbox 281 3613 527 3680; x_wconf 61' lang='lat' dir='ltr'><strong>fatemur,</strong></span> <span class='ocrx_word' id='word_1_388' title='bbox 548 3619 670 3685; x_wconf 85' lang='lat' dir='ltr'><strong>post</strong></span> <span class='ocrx_word' id='word_1_389' title='bbox 689 3618 962 3684; x_wconf 82' lang='lat' dir='ltr'><strong>susceptos</strong></span> <span class='ocrx_word' id='word_1_390' title='bbox 984 3629 1160 3667; x_wconf 86' lang='lat' dir='ltr'><strong>sacros</strong></span> <span class='ocrx_word' id='word_1_391' title='bbox 1182 3615 1300 3667; x_wconf 90' lang='lat' dir='ltr'><strong>illos</strong></span> <span class='ocrx_word' id='word_1_392' title='bbox 1317 3613 1527 3667; x_wconf 85' lang='lat' dir='ltr'><strong>ordines</strong></span> <span class='ocrx_word' id='word_1_393' title='bbox 1545 3628 1768 3667; x_wconf 85' lang='lat' dir='ltr'><strong>uxorem</strong></span> <span class='ocrx_word' id='word_1_394' title='bbox 1784 3613 1982 3666; x_wconf 84' lang='lat' dir='ltr'><strong>nemini</strong></span> <span class='ocrx_word' id='word_1_395' title='bbox 2000 3613 2185 3667; x_wconf 81' lang='lat' dir='ltr'><strong>ducere</strong></span> <span class='ocrx_word' id='word_1_396' title='bbox 2201 3614 2431 3668; x_wconf 80' lang='lat' dir='ltr'><strong>licuisse.</strong></span> <span class='ocrx_word' id='word_1_397' title='bbox 2470 3611 2619 3676; x_wconf 81' lang='lat' dir='ltr'><strong>Quod</strong></span> <span class='ocrx_word' id='word_1_398' title='bbox 2672 3641 2715 3679; x_wconf 81' lang='lat' dir='ltr'><strong>p.</strong></span> <span class='ocrx_word' id='word_1_399' title='bbox 2732 3627 2823 3669; x_wconf 73' lang='lat'><strong>³⁴6.</strong></span> 
     </span>
     <span class='ocr_line' id='line_1_39' title="bbox 282 3697 2620 3770; baseline -0.002 -17"><span class='ocrx_word' id='word_1_400' title='bbox 282 3700 348 3753; x_wconf 88' lang='lat' dir='ltr'><strong>ad</strong></span> <span class='ocrx_word' id='word_1_401' title='bbox 373 3700 504 3755; x_wconf 77' lang='lat' dir='ltr'><strong>Gan.</strong></span> <span class='ocrx_word' id='word_1_402' title='bbox 527 3701 709 3770; x_wconf 77' lang='lat' dir='ltr'><strong>Apost.</strong></span> <span class='ocrx_word' id='word_1_403' title='bbox 729 3716 872 3753; x_wconf 65' lang='grc' dir='ltr'><strong>ηπ.</strong></span> <span class='ocrx_word' id='word_1_404' title='bbox 895 3698 1140 3754; x_wconf 81' lang='lat' dir='ltr'><strong>Balsamo</strong></span> <span class='ocrx_word' id='word_1_405' title='bbox 1173 3706 1226 3753; x_wconf 87' lang='lat' dir='ltr'><strong>et</strong></span> <span class='ocrx_word' id='word_1_406' title='bbox 1248 3699 1479 3752; x_wconf 83' lang='lat' dir='ltr'><strong>Zonaras</strong></span> <span class='ocrx_word' id='word_1_407' title='bbox 1511 3702 1824 3767; x_wconf 80' lang='lat' dir='ltr'><strong>agnoscunt.</strong></span> <span class='ocrx_word' id='word_1_408' title='bbox 1885 3697 2111 3753; x_wconf 85' lang='lat' dir='ltr'><strong>Oanonis</strong></span> <span class='ocrx_word' id='word_1_409' title='bbox 2144 3699 2307 3752; x_wconf 77' lang='lat' dir='ltr'><strong>verba</strong></span> <span class='ocrx_word' id='word_1_410' title='bbox 2338 3703 2487 3750; x_wconf 85' lang='lat' dir='ltr'><strong>sunt:</strong></span> <span class='ocrx_word' id='word_1_411' title='bbox 2521 3700 2620 3749; x_wconf 83' lang='grc' dir='ltr'><strong>τῶν</strong></span> 
     </span>
     <span class='ocr_line' id='line_1_40' title="bbox 283 3780 2618 3855; baseline -0.001 -19"><span class='ocrx_word' id='word_1_412' title='bbox 283 3782 346 3845; x_wconf 74' lang='grc' dir='ltr'><strong>εἰς</strong></span> <span class='ocrx_word' id='word_1_413' title='bbox 371 3783 555 3854; x_wconf 75' lang='grc' dir='ltr'><strong>κλῆρον</strong></span> <span class='ocrx_word' id='word_1_414' title='bbox 578 3783 921 3853; x_wconf 75' lang='grc' dir='ltr'>προιλθόντων</span> <span class='ocrx_word' id='word_1_415' title='bbox 944 3783 1152 3855; x_wconf 73' lang='grc' dir='ltr'><strong>ἀγάμων</strong></span> <span class='ocrx_word' id='word_1_416' title='bbox 1171 3783 1428 3854; x_wconf 70' lang='grc' dir='ltr'>κελεύομεν</span> <span class='ocrx_word' id='word_1_417' title='bbox 1448 3781 1779 3853; x_wconf 67' lang='grc' dir='ltr'><strong>βουλομένους</strong></span> <span class='ocrx_word' id='word_1_418' title='bbox 1796 3786 1969 3852; x_wconf 70' lang='grc' dir='ltr'><strong>γαμεῖν</strong></span> <span class='ocrx_word' id='word_1_419' title='bbox 1994 3780 2311 3852; x_wconf 72' lang='grc' dir='ltr'><strong>ἀναγνώστας</strong></span> <span class='ocrx_word' id='word_1_420' title='bbox 2330 3782 2410 3834; x_wconf 65' lang='grc' dir='ltr'><strong>καὶ</strong></span> <span class='ocrx_word' id='word_1_421' title='bbox 2430 3781 2618 3852; x_wconf 76' lang='grc' dir='ltr'>ψάλτας</span> 
     </span>
     <span class='ocr_line' id='line_1_41' title="bbox 282 3866 2619 3940; baseline -0.001 -19"><span class='ocrx_word' id='word_1_422' title='bbox 282 3871 482 3939; x_wconf 74' lang='grc' dir='ltr'><strong>μόνους.</strong></span> <span class='ocrx_word' id='word_1_423' title='bbox 531 3869 614 3922; x_wconf 82' lang='lat' dir='ltr'><strong>Ad</strong></span> <span class='ocrx_word' id='word_1_424' title='bbox 637 3885 772 3940; x_wconf 78' lang='lat' dir='ltr'><strong>quae</strong></span> <span class='ocrx_word' id='word_1_425' title='bbox 795 3868 1042 3923; x_wconf 83' lang='lat' dir='ltr'><strong>Balsamc</strong></span> <span class='ocrx_word' id='word_1_426' title='bbox 1065 3869 1204 3922; x_wconf 81' lang='lat' dir='ltr'><strong>istud</strong></span> <span class='ocrx_word' id='word_1_427' title='bbox 1230 3870 1496 3933; x_wconf 80' lang='lat' dir='ltr'><strong>observat,</strong></span> <span class='ocrx_word' id='word_1_428' title='bbox 1520 3873 1642 3921; x_wconf 77' lang='lat' dir='ltr'><strong>ante</strong></span> <span class='ocrx_word' id='word_1_429' title='bbox 1667 3866 2046 3921; x_wconf 83' lang='lat' dir='ltr'><strong>ordinationem</strong></span> <span class='ocrx_word' id='word_1_430' title='bbox 2067 3868 2425 3938; x_wconf 81' lang='lat' dir='ltr'><strong>presbyteros,</strong></span> <span class='ocrx_word' id='word_1_431' title='bbox 2449 3867 2619 3920; x_wconf 85' lang='lat' dir='ltr'><strong>diaco-</strong></span> 
     </span>
     <span class='ocr_line' id='line_1_42' title="bbox 282 3952 2617 4025; baseline -0.001 -18"><span class='ocrx_word' id='word_1_432' title='bbox 282 3971 379 4008; x_wconf 83' lang='lat' dir='ltr'><strong>nos</strong></span> <span class='ocrx_word' id='word_1_433' title='bbox 405 3961 460 4007; x_wconf 82' lang='lat' dir='ltr'><strong>et</strong></span> <span class='ocrx_word' id='word_1_434' title='bbox 480 3952 868 4024; x_wconf 73' lang='lat' dir='ltr'><strong>hypodiaconos</strong></span> <span class='ocrx_word' id='word_1_435' title='bbox 899 3955 1144 4025; x_wconf 83' lang='lat' dir='ltr'><strong>copulare</strong></span> <span class='ocrx_word' id='word_1_436' title='bbox 1173 3953 1384 4024; x_wconf 73' lang='lat' dir='ltr'><strong>nuptias</strong></span> <span class='ocrx_word' id='word_1_437' title='bbox 1418 3958 1575 4022; x_wconf 74' lang='lat' dir='ltr'><strong>atque</strong></span> <span class='ocrx_word' id='word_1_438' title='bbox 1606 3954 1683 4005; x_wconf 84' lang='lat' dir='ltr'><strong>ita</strong></span> <span class='ocrx_word' id='word_1_439' title='bbox 1712 3952 1939 4007; x_wconf 85' lang='lat' dir='ltr'><strong>ordinari</strong></span> <span class='ocrx_word' id='word_1_440' title='bbox 1968 3954 2230 4024; x_wconf 79' lang='lat' dir='ltr'><strong>potuisse,</strong></span> <span class='ocrx_word' id='word_1_441' title='bbox 2262 3959 2384 4024; x_wconf 86' lang='lat' dir='ltr'><strong>post</strong></span> <span class='ocrx_word' id='word_1_442' title='bbox 2416 3952 2617 4005; x_wconf 75' lang='lat' dir='ltr'><strong>ordina-</strong></span> 
     </span>
     <span class='ocr_line' id='line_1_43' title="bbox 281 4037 2619 4094; baseline -0.002 -1"><span class='ocrx_word' id='word_1_443' title='bbox 281 4040 482 4093; x_wconf 79' lang='lat' dir='ltr'><strong>tionem</strong></span> <span class='ocrx_word' id='word_1_444' title='bbox 501 4039 631 4093; x_wconf 83' lang='lat' dir='ltr'><strong>solis</strong></span> <span class='ocrx_word' id='word_1_445' title='bbox 653 4038 753 4093; x_wconf 79' lang='lat' dir='ltr'><strong>hec</strong></span> <span class='ocrx_word' id='word_1_446' title='bbox 775 4040 1053 4094; x_wconf 72' lang='lat' dir='ltr'><strong>lectoribus</strong></span> <span class='ocrx_word' id='word_1_447' title='bbox 1076 4045 1132 4091; x_wconf 87' lang='lat' dir='ltr'><strong>et</strong></span> <span class='ocrx_word' id='word_1_448' title='bbox 1152 4039 1451 4092; x_wconf 82' lang='lat' dir='ltr'><strong>cantoribus</strong></span> <span class='ocrx_word' id='word_1_449' title='bbox 1483 4037 1758 4093; x_wconf 83' lang='lat' dir='ltr'><strong>indultum.</strong></span> <span class='ocrx_word' id='word_1_450' title='bbox 1810 4039 1969 4091; x_wconf 87' lang='lat' dir='ltr'><strong>Addit</strong></span> <span class='ocrx_word' id='word_1_451' title='bbox 2000 4039 2234 4093; x_wconf 79' lang='lat' dir='ltr'><strong>Zonaras</strong></span> <span class='ocrx_word' id='word_1_452' title='bbox 2265 4044 2387 4091; x_wconf 80' lang='lat' dir='ltr'><strong>ante</strong></span> <span class='ocrx_word' id='word_1_453' title='bbox 2418 4037 2619 4090; x_wconf 85' lang='lat' dir='ltr'><strong>ordina·</strong></span> 
     </span>
     <span class='ocr_line' id='line_1_44' title="bbox 283 4122 2619 4195; baseline -0.001 -18"><span class='ocrx_word' id='word_1_454' title='bbox 283 4125 481 4178; x_wconf 82' lang='lat' dir='ltr'><strong>tionem</strong></span> <span class='ocrx_word' id='word_1_455' title='bbox 497 4124 805 4193; x_wconf 67' lang='lat' dir='ltr'><strong>interrogaui</strong></span> <span class='ocrx_word' id='word_1_456' title='bbox 823 4126 1171 4195; x_wconf 77' lang='lat' dir='ltr'><strong>presbyteros,</strong></span> <span class='ocrx_word' id='word_1_457' title='bbox 1195 4122 1442 4176; x_wconf 81' lang='lat' dir='ltr'><strong>diaconos</strong></span> <span class='ocrx_word' id='word_1_458' title='bbox 1466 4130 1520 4176; x_wconf 89' lang='lat' dir='ltr'><strong>et</strong></span> <span class='ocrx_word' id='word_1_459' title='bbox 1533 4122 1939 4193; x_wconf 81' lang='lat' dir='ltr'><strong>hypodiaconos,</strong></span> <span class='ocrx_word' id='word_1_460' title='bbox 1965 4139 2033 4178; x_wconf 86' lang='lat' dir='ltr'><strong>an</strong></span> <span class='ocrx_word' id='word_1_461' title='bbox 2056 4125 2381 4178; x_wconf 85' lang='lat' dir='ltr'><strong>continenter</strong></span> <span class='ocrx_word' id='word_1_462' title='bbox 2403 4128 2458 4176; x_wconf 92' lang='lat' dir='ltr'><strong>et</strong></span> <span class='ocrx_word' id='word_1_463' title='bbox 2478 4127 2619 4175; x_wconf 84' lang='lat' dir='ltr'><strong>caste</strong></span> 
     </span>
     <span class='ocr_line' id='line_1_45' title="bbox 285 4207 2617 4280; baseline 0 -19"><span class='ocrx_word' id='word_1_464' title='bbox 285 4210 478 4262; x_wconf 79' lang='lat' dir='ltr'><strong>vellent</strong></span> <span class='ocrx_word' id='word_1_465' title='bbox 489 4210 682 4263; x_wconf 68' lang='lat' dir='ltr'><strong>vivere.</strong></span> <span class='ocrx_word' id='word_1_466' title='bbox 716 4207 866 4273; x_wconf 84' lang='lat' dir='ltr'><strong>Quod</strong></span> <span class='ocrx_word' id='word_1_467' title='bbox 882 4211 929 4262; x_wconf 85' lang='lat' dir='ltr'><strong>si</strong></span> <span class='ocrx_word' id='word_1_468' title='bbox 948 4209 1271 4280; x_wconf 75' lang='lat' dir='ltr'><strong>negaverint,</strong></span> <span class='ocrx_word' id='word_1_469' title='bbox 1288 4208 1518 4279; x_wconf 85' lang='lat' dir='ltr'><strong>permitti</strong></span> <span class='ocrx_word' id='word_1_470' title='bbox 1535 4214 1595 4260; x_wconf 90' lang='lat' dir='ltr'><strong>ut</strong></span> <span class='ocrx_word' id='word_1_471' title='bbox 1613 4213 1732 4261; x_wconf 88' lang='lat' dir='ltr'><strong>ante</strong></span> <span class='ocrx_word' id='word_1_472' title='bbox 1751 4210 2195 4263; x_wconf 85' lang='lat' dir='ltr'><strong>consecrationem</strong></span> <span class='ocrx_word' id='word_1_473' title='bbox 2206 4224 2399 4261; x_wconf 84' lang='lat' dir='ltr'><strong>uxores</strong></span> <span class='ocrx_word' id='word_1_474' title='bbox 2410 4207 2617 4262; x_wconf 86' lang='lat' dir='ltr'><strong>ducant.</strong></span> 
     </span>
     <span class='ocr_line' id='line_1_46' title="bbox 286 4293 2620 4365; baseline -0.001 -17"><span class='ocrx_word' id='word_1_475' title='bbox 286 4293 424 4349; x_wconf 78' lang='lat' dir='ltr'><strong>Sane</strong></span> <span class='ocrx_word' id='word_1_476' title='bbox 445 4295 503 4347; x_wconf 87' lang='lat' dir='ltr'><strong>in</strong></span> <span class='ocrx_word' id='word_1_477' title='bbox 525 4296 806 4365; x_wconf 74' lang='lat' dir='ltr'><strong>Ancyrano</strong></span> <span class='ocrx_word' id='word_1_478' title='bbox 827 4293 954 4350; x_wconf 86' lang='lat' dir='ltr'><strong>Gan.</strong></span> <span class='ocrx_word' id='word_1_479' title='bbox 976 4312 1028 4348; x_wconf 83' lang='lat' dir='ltr'><strong>x.</strong></span> <span class='ocrx_word' id='word_1_480' title='bbox 1051 4294 1116 4348; x_wconf 89' lang='lat' dir='ltr'><strong>de</strong></span> <span class='ocrx_word' id='word_1_481' title='bbox 1138 4293 1372 4348; x_wconf 84' lang='lat' dir='ltr'><strong>diaconis</strong></span> <span class='ocrx_word' id='word_1_482' title='bbox 1395 4293 1471 4346; x_wconf 87' lang='lat' dir='ltr'><strong>ita</strong></span> <span class='ocrx_word' id='word_1_483' title='bbox 1493 4293 1754 4346; x_wconf 86' lang='lat' dir='ltr'><strong>sancitum</strong></span> <span class='ocrx_word' id='word_1_484' title='bbox 1775 4294 1981 4365; x_wconf 83' lang='lat' dir='ltr'><strong>legitur,</strong></span> <span class='ocrx_word' id='word_1_485' title='bbox 2005 4300 2065 4347; x_wconf 86' lang='lat' dir='ltr'><strong>ut</strong></span> <span class='ocrx_word' id='word_1_486' title='bbox 2087 4294 2179 4363; x_wconf 88' lang='lat' dir='ltr'><strong>qui</strong></span> <span class='ocrx_word' id='word_1_487' title='bbox 2199 4295 2314 4363; x_wconf 90' lang='lat' dir='ltr'><strong>ipso</strong></span> <span class='ocrx_word' id='word_1_488' title='bbox 2341 4293 2620 4347; x_wconf 85' lang='lat' dir='ltr'><strong>ordinatio·</strong></span> 
     </span>
     <span class='ocr_line' id='line_1_47' title="bbox 285 4378 2619 4450; baseline -0.001 -17"><span class='ocrx_word' id='word_1_489' title='bbox 285 4379 367 4433; x_wconf 85' lang='lat' dir='ltr'><strong>nis</strong></span> <span class='ocrx_word' id='word_1_490' title='bbox 389 4395 518 4434; x_wconf 73' lang='lat' dir='ltr'><strong>suae</strong></span> <span class='ocrx_word' id='word_1_491' title='bbox 539 4385 775 4450; x_wconf 73' lang='lat' dir='ltr'><strong>tempore</strong></span> <span class='ocrx_word' id='word_1_492' title='bbox 795 4381 1074 4434; x_wconf 79' lang='lat' dir='ltr'><strong>contestati</strong></span> <span class='ocrx_word' id='word_1_493' title='bbox 1095 4381 1228 4444; x_wconf 83' lang='lat' dir='ltr'><strong>sint,</strong></span> <span class='ocrx_word' id='word_1_494' title='bbox 1264 4396 1323 4433; x_wconf 88' lang='lat' dir='ltr'><strong>se</strong></span> <span class='ocrx_word' id='word_1_495' title='bbox 1346 4378 1542 4449; x_wconf 86' lang='lat' dir='ltr'><strong>nuptiis</strong></span> <span class='ocrx_word' id='word_1_496' title='bbox 1564 4393 1741 4431; x_wconf 76' lang='lat' dir='ltr'><strong>carere</strong></span> <span class='ocrx_word' id='word_1_497' title='bbox 1762 4396 1871 4433; x_wconf 90' lang='lat' dir='ltr'><strong>non</strong></span> <span class='ocrx_word' id='word_1_498' title='bbox 1894 4394 2049 4449; x_wconf 88' lang='lat' dir='ltr'><strong>posse</strong></span> <span class='ocrx_word' id='word_1_499' title='bbox 2062 4418 2076 4442; x_wconf 94' lang='lat'><strong>,</strong></span> <span class='ocrx_word' id='word_1_500' title='bbox 2098 4379 2319 4448; x_wconf 85' lang='lat' dir='ltr'><strong>ideoque</strong></span> <span class='ocrx_word' id='word_1_501' title='bbox 2340 4384 2461 4449; x_wconf 87' lang='lat' dir='ltr'><strong>post</strong></span> <span class='ocrx_word' id='word_1_502' title='bbox 2485 4378 2619 4431; x_wconf 88' lang='lat' dir='ltr'><strong>ordi-</strong></span> 
     </span>
     <span class='ocr_line' id='line_1_48' title="bbox 286 4463 2618 4536; baseline 0 -18"><span class='ocrx_word' id='word_1_503' title='bbox 286 4465 552 4519; x_wconf 73' lang='lat' dir='ltr'><strong>nationem</strong></span> <span class='ocrx_word' id='word_1_504' title='bbox 573 4481 767 4519; x_wconf 84' lang='lat' dir='ltr'><strong>uxores</strong></span> <span class='ocrx_word' id='word_1_505' title='bbox 789 4466 1058 4531; x_wconf 82' lang='lat' dir='ltr'><strong>duxerint,</strong></span> <span class='ocrx_word' id='word_1_506' title='bbox 1093 4465 1158 4517; x_wconf 90' lang='lat' dir='ltr'><strong>de</strong></span> <span class='ocrx_word' id='word_1_507' title='bbox 1191 4470 1332 4517; x_wconf 84' lang='lat' dir='ltr'><strong>statu</strong></span> <span class='ocrx_word' id='word_1_508' title='bbox 1360 4480 1460 4517; x_wconf 87' lang='lat' dir='ltr'><strong>suo</strong></span> <span class='ocrx_word' id='word_1_509' title='bbox 1490 4480 1598 4517; x_wconf 88' lang='lat' dir='ltr'><strong>non</strong></span> <span class='ocrx_word' id='word_1_510' title='bbox 1633 4464 2005 4529; x_wconf 73' lang='lat' dir='ltr'><strong>dimoveantur,</strong></span> <span class='ocrx_word' id='word_1_511' title='bbox 2039 4463 2179 4533; x_wconf 87' lang='lat' dir='ltr'><strong>quod</strong></span> <span class='ocrx_word' id='word_1_512' title='bbox 2208 4465 2275 4516; x_wconf 86' lang='lat' dir='ltr'><strong>ab</strong></span> <span class='ocrx_word' id='word_1_513' title='bbox 2298 4465 2543 4536; x_wconf 87' lang='lat' dir='ltr'><strong>episcopo</strong></span> <span class='ocrx_word' id='word_1_514' title='bbox 2564 4464 2618 4518; x_wconf 87' lang='lat' dir='ltr'><strong>id</strong></span> 
     </span>
     <span class='ocr_line' id='line_1_49' title="bbox 285 4546 2619 4622; baseline -0.001 -17"><span class='ocrx_word' id='word_1_515' title='bbox 285 4549 386 4605; x_wconf 60' lang='lat' dir='ltr'><strong>&#39;fis</strong></span> <span class='ocrx_word' id='word_1_516' title='bbox 410 4567 722 4605; x_wconf 81' lang='lat' dir='ltr'><strong>concessum</strong></span> <span class='ocrx_word' id='word_1_517' title='bbox 744 4550 913 4604; x_wconf 66' lang='lat' dir='ltr'><strong>fuerit.</strong></span> <span class='ocrx_word' id='word_1_518' title='bbox 972 4550 1134 4602; x_wconf 78' lang='grc' dir='ltr'>Τοῦτο</span> <span class='ocrx_word' id='word_1_519' title='bbox 1163 4548 1216 4603; x_wconf 69' lang='lat' dir='ltr'><strong>ei</strong></span> <span class='ocrx_word' id='word_1_520' title='bbox 1239 4549 1280 4602; x_wconf 73' lang='lat' dir='ltr'><strong>el</strong></span> <span class='ocrx_word' id='word_1_521' title='bbox 1300 4566 1420 4610; x_wconf 78' lang='grc' dir='ltr'>τινες</span> <span class='ocrx_word' id='word_1_522' title='bbox 1445 4549 1777 4615; x_wconf 55' lang='lat' dir='ltr'><strong>amaricavit&lt;</strong></span> <span class='ocrx_word' id='word_1_523' title='bbox 1800 4549 1880 4601; x_wconf 69' lang='grc' dir='ltr'><strong>καὶ</strong></span> <span class='ocrx_word' id='word_1_524' title='bbox 1904 4546 2279 4617; x_wconf 64' lang='grc' dir='ltr'>καταδεξάμενοι</span> <span class='ocrx_word' id='word_1_525' title='bbox 2300 4547 2349 4602; x_wconf 66' lang='grc' dir='ltr'><strong>ἐν</strong></span> <span class='ocrx_word' id='word_1_526' title='bbox 2372 4554 2433 4622; x_wconf 80' lang='grc' dir='ltr'><strong>τῇ</strong></span> <span class='ocrx_word' id='word_1_527' title='bbox 2455 4566 2619 4621; x_wconf 71' lang='grc' dir='ltr'>χειρο-</span> 
     </span>
     <span class='ocr_line' id='line_1_50' title="bbox 288 4630 2618 4707; baseline 0.001 -21"><span class='ocrx_word' id='word_1_528' title='bbox 288 4636 421 4707; x_wconf 74' lang='grc' dir='ltr'><strong>τονίᾳ</strong></span> <span class='ocrx_word' id='word_1_529' title='bbox 445 4635 602 4705; x_wconf 74' lang='grc' dir='ltr'><strong>μένειν</strong></span> <span class='ocrx_word' id='word_1_530' title='bbox 626 4635 784 4696; x_wconf 72' lang='grc' dir='ltr'>οὔτως</span> <span class='ocrx_word' id='word_1_531' title='bbox 810 4637 932 4706; x_wconf 79' lang='grc' dir='ltr'>μετὰ</span> <span class='ocrx_word' id='word_1_532' title='bbox 953 4639 1109 4688; x_wconf 78' lang='grc' dir='ltr'>ταῦτα</span> <span class='ocrx_word' id='word_1_533' title='bbox 1130 4630 1284 4702; x_wconf 68' lang='grc' dir='ltr'>ἦλθον</span> <span class='ocrx_word' id='word_1_534' title='bbox 1308 4632 1386 4687; x_wconf 73' lang='grc' dir='ltr'><strong>ἐπὶ</strong></span> <span class='ocrx_word' id='word_1_535' title='bbox 1409 4633 1587 4705; x_wconf 73' lang='grc' dir='ltr'>γάμον,</span> <span class='ocrx_word' id='word_1_536' title='bbox 1613 4634 1887 4687; x_wconf 77' lang='grc' dir='ltr'>πεπαῦσθαι</span> <span class='ocrx_word' id='word_1_537' title='bbox 1912 4633 2088 4694; x_wconf 72' lang='grc' dir='ltr'>αὐτοὺς</span> <span class='ocrx_word' id='word_1_538' title='bbox 2107 4638 2191 4701; x_wconf 78' lang='grc' dir='ltr'><strong>τῆς</strong></span> <span class='ocrx_word' id='word_1_539' title='bbox 2212 4635 2478 4697; x_wconf 50' lang='lat' dir='ltr'><strong>&amp;cenuvium</strong></span> <span class='ocrx_word' id='word_1_540' title='bbox 2504 4636 2618 4689; x_wconf 87' lang='lat' dir='ltr'><strong>Hoc</strong></span> 
     </span>
    </p>
   </div>
   <div class='ocr_carea' id='block_1_3' title="bbox 385 4719 2211 4790">
    <p class='ocr_par' dir='ltr' id='par_1_4' title="bbox 385 4719 2211 4790">
     <span class='ocr_line' id='line_1_51' title="bbox 385 4719 2211 4790; baseline 0 -10"><span class='ocrx_word' id='word_1_541' title='bbox 385 4739 521 4790; x_wconf 74' lang='lat' dir='ltr'><strong>corp.</strong></span> <span class='ocrx_word' id='word_1_542' title='bbox 547 4739 799 4781; x_wconf 74' lang='lat' dir='ltr'><strong>Haereseol.</strong></span> <span class='ocrx_word' id='word_1_543' title='bbox 816 4740 894 4780; x_wconf 85' lang='lat'><strong>111.</strong></span> <span class='ocrx_word' id='word_1_544' title='bbox 2168 4719 2211 4773; x_wconf 86' lang='lat' dir='ltr'>U</span> 
     </span>
    </p>
   </div>
  </div>
 </body>
</html>
