3185 5219
643 431 919 489 LXXXIV

640 590 805 660 geno,
837 604 1009 658 neque
1043 603 1161 641 cum
1195 587 1551 658 superioribus
1585 585 1881 641 cohaerent.
1949 586 2086 641 Nem
2118 587 2375 642 Herodem
2407 588 2549 659 fugit
2579 588 2840 643 duntaxat
2865 595 2982 661 post

638 676 851 728 Ioannis
876 689 1083 738 necem,
1118 688 1254 743 quae
1276 673 1434 742 longe
1456 679 1580 743 post
1602 672 1925 743 baptismum
1945 672 2149 727 accidit.
2201 673 2330 728 Vide
2353 690 2488 745 quse
2523 674 2590 729 ad
2624 691 2772 729 num.
2793 693 2980 730 xxvm.

638 762 997 814 observamus.

772 845 836 901 N.
862 863 973 899 xxx.
1020 842 1081 897 Ὃ
1107 842 1160 896 δὲ
1185 841 1413 910 Ἰωάννης
1431 843 1511 896 καὶ
1534 842 1622 910 τὴν
1645 842 1911 914 πρόθεσιν]
1958 843 2075 897 For.
2101 843 2226 896 κατὰ
2249 843 2335 911 τὴν
2359 844 2604 916 πρόθισιν.

770 930 833 986 N.
862 948 993 985 xm.
1042 929 1384 999 Κατηγοροῦσι
1408 928 1461 981 δὲ
1490 927 1679 997 κάλω]
1750 928 1966 983 Nullum
2001 936 2082 981 est
2113 929 2168 983 in
2200 929 2284 983 his
2313 929 2461 984 libris
2494 936 2894 1001 argumentum,
2925 932 2976 984 in

635 1033 740 1087 quo
763 1014 1035 1069 tractando
1059 1016 1177 1085 plus
1201 1030 1476 1085 opere-emo
1500 1014 1659 1068 studii
1682 1014 1887 1068 navarit
1908 1012 2230 1085 Epiphanius
2245 1055 2259 1080 ‚
2292 1031 2452 1085 quam
2481 1016 2538 1070 in
2570 1032 2636 1070 es.
2656 1018 2978 1086 quaestione,

635 1119 739 1172 qua
773 1101 1022 1155 dominici
1054 1102 1243 1153 natalis
1278 1106 1332 1153 et
1363 1100 1623 1170 passionis
1655 1115 1825 1153 annus
1857 1100 2150 1170 inquiritur.
2196 1100 2300 1154 Sed
2334 1118 2430 1155 nec
2459 1102 2729 1156 obscurior
2751 1117 2979 1171 usquam

632 1189 779 1241 loeus
802 1193 907 1251 est,
932 1186 1099 1239 autin
1124 1202 1229 1255 quo
1252 1186 1427 1238 minus
1448 1187 1722 1256 interpreti
1742 1186 2072 1255 tergiversari
2095 1201 2158 1239 ac
2180 1184 2509 1240 dissimulare
2529 1187 2701 1241 liceat.
2748 1187 2982 1241 Tantum

632 1273 805 1339 abest,
840 1277 899 1325 ut
920 1272 976 1325 in
999 1288 1062 1323 eo
1088 1270 1394 1324 declarando
1417 1288 1484 1325 ne
1502 1272 1576 1327 sit
1599 1272 1807 1340 longior
1828 1271 1997 1325 vereri
2019 1270 2227 1338 debeat,
2259 1278 2354 1325 aut
2382 1271 2625 1325 instituta
2649 1289 2710 1326 se
2733 1276 2982 1327 notarum

633 1366 686 1413 et
708 1357 1220 1411 animadversionum
1243 1357 1495 1409 brevitate
1514 1355 1806 1409 defendere.
1842 1358 2012 1427 Atque
2035 1373 2096 1409 ea
2118 1372 2244 1409 sane
2263 1358 2501 1427 quaestio
2526 1373 2646 1411 cum
2667 1375 2779 1412 non
2799 1358 2980 1411 minus

631 1444 728 1497 bac
751 1449 1060 1513 tempestate
1075 1482 1089 1507 ‚
1114 1457 1272 1511 quam
1295 1441 1481 1511 priscis
1504 1441 1608 1494 illis
1631 1442 1977 1511 temporibus,
2001 1441 2229 1494 eruditos
2255 1449 2519 1508 exerceat,
2551 1460 2614 1496 eo
2637 1443 2866 1515 denique
2889 1443 2978 1498 ad-

631 1529 788 1583 ducta
818 1545 903 1582 res
939 1534 1019 1580 est
1052 1534 1112 1580 ut
1133 1527 1225 1596 qui
1247 1516 1509 1580 inscitiam
1531 1542 1685 1581 suam
1708 1528 1937 1597 ingenue
1959 1526 2134 1580 fessus
2155 1527 2340 1594 fuerit,
2375 1527 2738 1598 pudentiorem
2771 1530 2980 1582 exitum

630 1620 872 1685 quaerat,
910 1629 1069 1683 quam
1101 1613 1146 1664 si
1179 1612 1307 1665 certi
1337 1610 1535 1681 aliquid
1566 1617 1620 1665 et
1651 1612 1912 1682 explorati
1938 1619 2115 1665 tenere
2138 1629 2194 1665 se
2217 1629 2374 1683 posse
2397 1613 2639 1667 confidat.
2685 1613 2757 1667 Ut
2777 1616 2923 1668 enim
2945 1629 2981 1667 a

627 1698 997 1754 vetustioribus
1020 1697 1228 1751 initium
1251 1704 1510 1767 repetem,
1535 1698 1652 1767 quis
1678 1704 1960 1766 antequam
1983 1697 2220 1766 Dionysii
2243 1698 2475 1768 vulgaris
2497 1699 2591 1753 ills
2613 1701 2746 1754 ratio
2769 1715 2979 1771 percre-

629 1786 854 1849 buisset,
877 1785 934 1837 in
958 1788 1159 1839 certam
1178 1798 1240 1836 ac
1263 1782 1603 1836 constitutam
1625 1783 1939 1839 sententiam
1958 1782 2157 1836 includi
2175 1799 2234 1835 se
2255 1799 2445 1854 passus
2468 1789 2583 1837 est?
2622 1784 2874 1854 Longum
2896 1792 2981 1839 est

628 1879 681 1924 et
702 1872 929 1924 otiosum
951 1876 1187 1921 veterum
1207 1868 1422 1923 Patrum
1445 1868 1718 1939 opiniones
1742 1884 1926 1922 omnes
1947 1868 2216 1937 persequi;
2248 1867 2404 1939 idque
2436 1870 2505 1923 ab
2539 1869 2655 1923 aliis
2690 1870 2979 1942 diligenter

626 1956 952 2018 estfactum,
986 1954 1289 2024 praesertim
1313 1969 1346 2006 a
1368 1952 1588 2007 Dekerio
1613 1958 1792 2007 nostro
1817 1956 1890 2023 τῷ
1917 1950 2158 2023 μακαρίτῃ
2203 1957 2256 2006 et
2287 1952 2483 2007 loanne
2513 1954 2738 2025 Keplero
2769 1955 2978 2010 mathe-

628 2041 824 2095 matico
866 2040 923 2093 in
958 2040 1161 2093 erudita
1192 2039 1283 2092 illa
1304 2037 1668 2092 dissertatione
1691 2038 1754 2091 de
1777 2038 1928 2091 Anno
1951 2036 2126 2091 Natali
2148 2043 2200 2091 et
2229 2039 2286 2093 in
2318 2038 2529 2109 Eclogis
2554 2038 2977 2111 Chronologicis,

627 2134 687 2181 ut
709 2134 762 2181 et
784 2125 846 2179 de
870 2124 1211 2178 illustrissimi
1234 2122 1446 2177 Baronii
1469 2124 1756 2177 Annalibus
1791 2138 1853 2177 ac
1888 2124 2105 2176 caeteris
2129 2122 2537 2193 chronographis
2559 2131 2781 2179 taceam.
2831 2125 2977 2190 Quo·

624 2229 743 2267 rum
777 2210 1011 2265 omnium
1044 2213 1166 2279 post
1205 2214 1315 2261 tam
1357 2209 1675 2278 exquisitam
1711 2214 1764 2261 et
1796 2215 2038 2261 exactam
2073 2223 2285 2277 operam
2327 2225 2770 2279 supervacaneum
2805 2211 2980 2266 videri

623 2304 853 2369 poterat,
885 2310 918 2348 a
940 2295 1093 2349 nobis
1117 2308 1181 2346 ea
1203 2293 1460 2365 disputari
1480 2293 1868 2358 vehementius,
1902 2308 2036 2362 quae
2067 2293 2228 2347 anxie
2252 2293 2318 2346 ab
2339 2294 2447 2347 illis
2469 2300 2596 2349 sunt
2617 2302 2976 2368 secutisque

624 2383 886 2446 discussa,
920 2380 1024 2433 nisi
1056 2395 1154 2433 nos
1189 2379 1254 2432 ad
1286 2378 1340 2432 id
1364 2379 1525 2432 etiam
1544 2379 1740 2435 invitos
1762 2376 2081 2449 Epiphanius
2106 2378 2217 2447 ipse
2241 2392 2302 2431 ac
2326 2381 2556 2449 suscepti
2576 2383 2813 2435 muneris
2837 2381 2975 2436 fides

620 2468 927 2537 impelleret.
976 2464 1086 2518 Erit
1107 2470 1283 2517 autem
1306 2462 1427 2517 huic
1449 2464 1662 2517 conatui
1683 2463 1952 2533 laborique
1975 2468 2154 2517 nostro
2185 2463 2354 2517 facilis
2389 2463 2564 2530 lector,
2600 2466 2645 2519 si
2677 2465 2776 2521 hoc
2812 2482 2848 2520 a
2881 2484 2974 2522 me

622 2558 912 2625 spectatum
941 2550 1235 2623 agnoverit,
1271 2556 1330 2602 ut
1358 2548 1616 2602 infinitam
1647 2565 1806 2621 prope
1842 2549 2244 2603 controversiam
2275 2550 2614 2621 omniumque
2647 2551 2842 2606 iudicio
2869 2553 2974 2608 dif-

620 2638 908 2692 ficillimam
937 2652 1104 2706 neque
1130 2636 1336 2690 brevius
1361 2651 1519 2706 quam
1552 2650 1637 2688 res
1668 2642 1817 2688 tanta
1848 2634 2100 2704 disputari
2129 2635 2321 2705 possit,
2355 2651 2528 2705 neque
2557 2638 2771 2708 longius
2804 2655 2974 2710 quam

620 2741 834 2778 necesse
866 2724 960 2788 sit,
995 2738 1204 2776 summa
1224 2737 1345 2775 vero
1370 2737 1489 2775 cum
1513 2719 1788 2784 facilitate,
1821 2720 2208 2790 complecterer,
2231 2727 2284 2774 et
2306 2736 2395 2785 ea,
2422 2737 2557 2793 quae
2578 2722 2649 2776 ab
2669 2723 2973 2795 ingeniosis

622 2809 890 2879 doctisque
911 2808 1037 2862 viris
1061 2806 1125 2861 de
1149 2822 1212 2860 ea
1233 2822 1290 2860 re
1313 2807 1527 2860 solerter
1551 2806 1849 2876 excogitata
1871 2810 2017 2870 sunt,
2048 2806 2349 2860 accessione
2372 2807 2553 2876 aliqua
2572 2816 2756 2862 nostra
2780 2825 2972 2865 cumu-

617 2895 727 2950 lsts
747 2894 1047 2966 proferrem.
1095 2892 1265 2956 Quare
1287 2890 1479 2963 duplex
1505 2892 1604 2945 erit
1624 2889 1724 2945 hoc
1744 2891 1859 2945 loco
1883 2889 2196 2960 disputanda
2224 2891 2486 2960 quaestio:
2521 2892 2687 2947 altera
2719 2893 2786 2947 de
2821 2910 2970 2951 anno

617 2982 734 3052 ipso
758 2996 864 3051 quo
886 2985 1043 3032 natus
1066 2985 1148 3032 est
1170 2976 1406 3032 Christus
1421 3015 1436 3042 ,
1458 2976 1624 3030 altera
1644 2974 1708 3029 de
1731 2991 1792 3031 eo
1817 2991 1924 3046 quo
1945 2991 2133 3047 passus
2158 2982 2252 3030 est.

996 3166 1105 3232 DE
1154 3165 1380 3231 ANNO
1430 3164 1742 3231 NATALI
1790 3164 2116 3231 CHRISTI
2162 3164 2580 3233 DIATRIBA.

755 3319 854 3385 Qui
888 3318 1116 3373 natalem
1140 3315 1330 3371 Christi
1364 3316 1639 3371 salvatoris
1669 3331 1870 3370 annum
1896 3318 1983 3370 vis
2016 3332 2078 3371 ac
2109 3318 2309 3372 ratione
2340 3318 2592 3390 indagare
2614 3322 2794 3375 cous-ti
2816 3331 2968 3391 sunt,

616 3405 834 3476 triplicis
856 3403 1088 3458 maxime
1110 3403 1359 3472 temporis
1383 3403 1638 3456 rationem
1669 3400 1986 3468 habuerunt,
2020 3402 2378 3457 Romanorum
2408 3420 2567 3470 coss„
2599 3406 2836 3476 Augusti
2857 3407 2968 3463 In-

617 3498 781 3561 peret.
815 3495 869 3543 et
906 3488 1123 3543 Herodis
1165 3504 1441 3542 annorum.
1495 3487 1735 3542 Totidem
1769 3488 1909 3541 notis
1952 3503 2014 3540 sc
2060 3489 2201 3542 velut
2231 3488 2528 3559 insignibus
2561 3491 2799 3562 positum
2833 3509 2874 3547 a
2907 3511 2968 3549 se
3035 3489 3038 3492 “

618 3591 817 3630 annum
839 3574 1116 3629 illustravit
1135 3571 1483 3644 Epiphanius,
1516 3579 1569 3627 et
1600 3574 1657 3627 in
1692 3572 1976 3627 ordinanda
2005 3573 2337 3644 potissimum
2359 3575 2492 3627 serie
2514 3590 2650 3628 coss.
2675 3574 2822 3630 haud
2844 3581 2966 3633 vul-

616 3675 800 3732 garem
822 3660 1143 3730 diligentiam
1175 3657 1425 3713 adhibuit.
1491 3657 1652 3713 Cuius
1686 3675 1784 3712 nos
1813 3659 2039 3729 vestigia
2067 3664 2362 3730 prementes
2376 3697 2390 3723 ‚
2422 3658 2477 3712 id
2509 3659 2648 3729 quod
2682 3660 2967 3719 architecti

613 3746 786 3801 facere
817 3746 1009 3811 solent,
1042 3752 1102 3798 ut
1133 3753 1415 3815 antequam
1447 3743 1721 3798 aedificent
1752 3745 1852 3797 soli
1874 3745 2038 3815 ipsius
2061 3744 2145 3797 vel
2165 3743 2492 3798 fundamenti
2514 3744 2840 3802 soliditatem
2868 3767 2964 3804 ex·

613 3831 842 3903 plorent,
865 3831 939 3884 ita
960 3847 1056 3883 nos
1079 3832 1444 3885 consulatuum
1466 3831 1703 3900 ipsorum
1721 3828 1955 3882 ordinem
1977 3829 2268 3899 seriemque
2286 3830 2744 3898 perscrutabimur.
2807 3832 2964 3899 Quae

615 3915 824 3987 quidem
846 3914 1091 3970 historiae
1112 3932 1233 3987 pars
1257 3932 1378 3970 cum
1401 3915 1634 3969 maxima
1653 3915 1711 3968 in
1734 3913 2046 3967 obscuritate
2081 3921 2134 3966 et
2165 3913 2530 3968 dissidentium
2561 3915 2794 3971 intereo
2825 3922 2963 3974 sori·

611 4008 822 4074 ptorum
844 4002 1092 4055 varietate
1114 4002 1285 4071 posita
1306 4002 1398 4066 sit,
1415 4017 1513 4055 nos
1532 4000 1900 4054 consulatuum
1916 3999 2114 4068 aliquot
2135 3999 2424 4053 indiculum
2445 4000 2838 4057 subiiciendum
2864 4022 2961 4078 pu·

610 4089 861 4153 terimus,
883 4087 1064 4158 paucis
1087 4087 1152 4140 ad
1174 4086 1291 4140 illos
1315 4085 1600 4149 adiunctis,
1625 4083 1792 4154 quiin
1813 4082 2090 4154 Epiphanii
2109 4084 2357 4136 laterculo
2383 4082 2628 4157 descripti
2651 4094 2810 4153 sunt;
2835 4106 2961 4161 pro-

609 4179 790 4245 pterea
811 4172 950 4243 quod
972 4189 1079 4226 non
1102 4188 1281 4226 omnes
1304 4170 1488 4224 iisdem
1514 4169 1703 4240 quibus
1724 4168 1811 4222 ille
1835 4183 1970 4222 coss.
1993 4172 2175 4221 natum
2198 4184 2313 4221 esse
2337 4167 2600 4224 Christum
2618 4172 2959 4232 existimant.

610 4257 678 4312 Et
698 4264 757 4311 ut
775 4260 832 4313 in
855 4275 987 4312 coss.
1007 4256 1299 4328 digerendis
1319 4256 1541 4308 varietas
1560 4269 1694 4323 quse
1710 4254 1781 4306 sit
1799 4253 1961 4305 lector
1983 4252 2264 4322 intelligat,
2295 4254 2488 4323 triplici
2509 4254 2600 4309 filo
2629 4257 2960 4318 laterculum

609 4345 893 4400 texuimus.
938 4342 1114 4396 Prima
1135 4342 1296 4396 series
1319 4356 1452 4394 coss.
1475 4336 1635 4391 habet
1656 4353 1726 4390 ex
1748 4336 2051 4406 Capitolinis
2073 4333 2244 4390 Fastis
2267 4344 2568 4409 excerptos,
2592 4341 2905 4401 cuiusmodi
2925 4362 2959 4401 a

611 4427 828 4499 Sigonio
846 4435 899 4482 et
916 4428 1131 4482 Onufrio
1149 4429 1205 4482 in
1222 4425 1393 4480 Fastis
1420 4421 1746 4488 exhibentur,
1778 4421 1941 4474 alters
1965 4438 2031 4475 ex
2049 4420 2349 4493 Epiphanii,
2379 4425 2536 4478 tertis
2562 4440 2633 4481 ex
2662 4425 2962 4488 Fastorum

609 4511 904 4569 Siculorum
918 4553 932 4582 ,
955 4514 1066 4569 sive
1087 4508 1428 4567 Alexandrini
1450 4507 1717 4571 Chronici,
1740 4506 2034 4562 autoritate.
