3185 5219
576 365 784 423 ccxvl

575 523 825 593 simisque
849 523 1135 576 rationibus
1159 521 1420 575 evertitur.
1489 520 1595 575 Sed
1615 525 1877 593 repugnat
1896 537 2019 592 prae
2042 521 2258 575 caeteris
2286 521 2599 591 gravissima
2630 520 2689 577 S.
2710 518 2905 575 Leoub

574 608 888 664 sanctissimi
911 606 1171 678 pontificis
1195 607 1503 672 auctoritas,
1538 608 1630 678 qui
1662 607 1796 660 banc
1826 605 2235 677 profitendarum
2270 607 2478 678 publice
2500 607 2758 661 scelerum
2780 622 2905 660 eoa-

575 694 901 748 suetndinem
939 700 1190 763 tanquam
1231 693 1546 763 apostolicae
1585 692 1798 763 regulae
1839 693 2151 746 contrariam
2188 693 2453 764 improbat
2484 691 2721 763 Epistola
2742 708 2904 748 un.

576 795 689 851 cap.
714 778 761 833 2.
832 778 990 832 Cuius
1014 779 1172 831 verba
1194 776 1276 832 bic
1303 779 1513 832 omnino
1538 777 1876 832 describenda
1896 784 2034 831 sunt.
2103 779 2285 844 Illam,
2316 779 2512 848 inquit,
2545 782 2698 831 etiam
2722 787 2906 831 cone-o

576 866 905 937 apostolicam
934 865 1164 933 reqnlam
1191 868 1676 934 praesumptionem,
1711 881 1861 933 quam
1896 881 2055 934 nuper
2091 868 2277 932 aqnooi
2312 885 2347 918 a
2382 864 2678 935 quibudam
2713 864 2907 916 illicita

573 953 900 1020 usurpatione
924 953 1184 1013 committi,
1213 952 1373 1003 modis
1395 950 1618 1002 omuibus
1643 953 1884 1002 constituo
1905 949 2189 1002 submoveri
2209 950 2297 1011 (de
2310 953 2629 1019 poenitentia
2650 950 2906 1013 videlicet,

574 1054 702 1106 quae
726 1039 801 1088 ita
825 1055 859 1088 α
870 1036 1113 1105 fidelibus
1128 1038 1467 1104 postulatur),
1503 1052 1563 1086 ne
1589 1036 1652 1088 de
1682 1035 1991 1102 cinqutorum
2005 1044 2336 1105 peecatorum
2356 1052 2543 1103 ρωποι-ε
2564 1035 2755 1088 libellis
2772 1038 2907 1088 ser-i·

564 1132 665 1192 pta
685 1124 932 1190 professio
947 1121 1153 1190 publice
1175 1125 1431 1184 recitetur,
1459 1137 1566 1172 cum
1591 1130 1766 1173 matus
1798 1124 2219 1173 conscientiarum
2249 1123 2484 1190 sufficiat
2508 1122 2634 1173 solis
2662 1122 2907 1174 sucerdo-

576 1207 773 1260 dotilms
793 1208 1029 1259 indicari
1051 1210 1358 1275 consessione
1378 1214 1595 1258 secreta.
1668 1206 1915 1267 Quamvis
1947 1209 2079 1258 enim
2100 1207 2365 1275 plenitudo
2376 1208 2511 1276 fidei
2530 1207 2769 1260 videaur
2796 1222 2906 1258 esee

575 1293 869 1356 laudanda,
901 1310 1029 1360 quae
1053 1300 1268 1361 propter
1292 1293 1377 1343 dei
1398 1294 1621 1344 timoren·
1644 1293 1789 1361 apud
1809 1290 2031 1344 homines
2052 1292 2346 1344 erabescere
2368 1308 2465 1344 uon
2487 1302 2706 1357 veretur,
2738 1300 2907 1343 tam

574 1382 694 1447 quia
717 1396 814 1429 non
838 1380 1053 1430 omnium
1075 1376 1359 1428 huiusmodi
1379 1384 1496 1428 sunt
1507 1386 1761 1447 peccata,
1794 1387 1851 1430 nt
1879 1394 1970 1440 ea,
2003 1394 2133 1445 quae
2148 1380 2515 1446 poenitentium
2528 1387 2775 1446 pose-um,
2808 1394 2907 1429 noa

575 1467 785 1515 timeant
789 1463 1087 1531 publica-re,
1103 1471 1422 1515 removeatur
1440 1470 1542 1513 tam
1559 1463 1912 1531 improbabilis
1929 1464 2231 1515 consuetudo
2241 1499 2256 1526 ,
2276 1481 2337 1515 ne
2354 1462 2497 1515 nuto·
2513 1482 2548 1515 a
2557 1465 2906 1533 poeniteutiae

575 1549 812 1601 remediis
835 1557 1128 1611 arceantur,
1155 1549 1270 1601 dnm
1295 1556 1386 1600 aut
1406 1548 1726 1610 erubescunt,
1759 1556 1851 1600 aut
1882 1556 2105 1601 metuunt
2123 1550 2348 1600 inimicis
2368 1564 2465 1600 sua
2475 1551 2636 1616 fucta
2658 1551 2904 1611 renen-ari,

574 1634 750 1705 quibus
763 1636 964 1702 possint
982 1636 1142 1700 lequm
1168 1636 1514 1685 constiwtione
1529 1635 1763 1702 percelli.
1831 1632 2037 1702 Sufficit
2056 1635 2185 1685 enim
2206 1634 2304 1685 illa
2337 1637 2605 1700 consessio,
2637 1649 2768 1701 quae
2790 1635 2905 1702 pri·

575 1737 704 1771 mma
728 1720 819 1771 deo
842 1721 1071 1787 offertur,
1091 1726 1190 1769 tum
1216 1723 1370 1770 etiam
1392 1720 1654 1771 sacerdoti
1662 1758 1676 1783 ,
1710 1722 1797 1788 qui
1823 1737 1920 1787 pro
1956 1720 2159 1772 delictis
2181 1723 2522 1787 poenitentum
2544 1726 2796 1788 pne-ator
2816 1734 2906 1770 ae·

580 1806 729 1857 cedit.
796 1803 890 1856 His
931 1804 1206 1857 verborum
1240 1804 1716 1872 sententiarumque
1764 1803 2070 1857 fulminibus
2108 1808 2463 1857 commentum
2499 1802 2630 1856 illud
2666 1802 2906 1873 publicae

577 1888 921 1943 confessionis
944 1888 1252 1958 percellitur.
1323 1888 1380 1942 Si
1405 1889 1543 1941 enim
1567 1905 1634 1942 ne
1657 1888 1952 1942 volentibus
1977 1888 2185 1958 quidem
2208 1894 2364 1959 atque
2388 1889 2523 1943 ultro
2543 1886 2905 1959 flagitantib-

575 1975 851 2029 criminum
882 1976 986 2028 reis
1018 1975 1221 2045 publice
1255 1975 1357 2027 ista
1387 1975 1721 2045 pronunciari
1753 1990 1942 2045 passus
1977 1979 2080 2039 eet,
2111 1989 2333 2044 eamque
2366 1983 2549 2028 eontra
2578 1976 2907 2028 traditionem

375 2067 526 2123 5247.
579 2062 909 2131 apostolicam
925 2064 1382 2130 praesumptionem
1406 2076 1521 2113 esse
1557 2060 1762 2125 definit,
1795 2065 1942 2113 estne
1973 2065 2031 2113 ut
2064 2060 2311 2113 reiectum
2347 2075 2409 2114 ac
2440 2060 2745 2115 dannatum
2773 2060 2907 2114 tanti

575 2146 835 2217 pontificis
868 2146 1059 2200 iudicio
1090 2162 1288 2199 morem
1318 2146 1611 2215 legitimum
1646 2145 1928 2215 aliquando
1962 2144 2126 2200 fuisse
2159 2150 2403 2216 putemus
2449 2152 2501 2200 et
2530 2146 2803 2200 communi
2836 2146 2903 2199 ab
2920 2180 2933 2191 ·

579 2234 820 2286 omnibus
843 2233 1091 2285 ecclesiae
1113 2233 1224 2285 iure
1248 2236 1549 2284 servatum?
1617 2232 1825 2284 Atenim
1847 2232 2079 2301 plerique
2102 2231 2178 2284 sic
2200 2230 2539 2302 respondent:
2591 2230 2821 2286 Leonem
2842 2231 2907 2284 de

578 2318 792 2371 occultis
827 2317 1082 2371 duntaxat
1116 2316 1418 2370 crimmibus
1452 2317 1623 2386 loqui,
1660 2332 1795 2385 quae
1816 2316 2022 2386 publice
2053 2316 2290 2371 confiteri
2318 2333 2473 2370 nemo
2505 2317 2766 2383 debuerit,
2800 2334 2906 2371 non

578 2409 753 2456 autem
786 2402 847 2456 de
881 2403 1129 2474 publicis,
1167 2418 1298 2472 quae
1319 2403 1477 2455 unica
1500 2401 1741 2472 publicae
1765 2402 2107 2456 confessionis
2131 2417 2286 2471 seges
2311 2402 2499 2456 extitit.
2568 2401 2905 2456 Commodius

576 2490 665 2543 isti
699 2488 854 2553 saue,
890 2488 981 2557 qui
1014 2489 1080 2541 ab
1112 2486 1208 2541 bac
1242 2488 1437 2558 publici
1460 2488 1577 2557 lege
1601 2487 1867 2541 dedecoris
1891 2487 2095 2541 occulta
2118 2487 2305 2540 saltem
2340 2488 2630 2558 excipiunt:
2668 2487 2808 2557 quod
2840 2503 2907 2541 ne

578 2575 666 2629 alii
700 2574 908 2646 quidem
941 2574 1226 2627 remittunt.
1295 2571 1527 2638 Quorum
1561 2574 1819 2627 nonnulla
1848 2573 2113 2627 temeritas
2136 2571 2427 2628 Tridentini
2460 2573 2667 2628 concilii
2690 2589 2818 2628 voce
2846 2588 2907 2627 ac

577 2661 783 2714 decreto
805 2665 1032 2714 notatur.
1085 2659 1291 2712 Etenim
1315 2659 1456 2714 Sess.
1476 2678 1582 2713 xiv.
1608 2675 1785 2730 cap.v.
1812 2675 1930 2712 cum
1954 2658 2219 2712 docuisset
2239 2659 2500 2730 publicam
2524 2659 2907 2714 confessionem

578 2748 712 2799 nullo
736 2748 907 2799 divino
923 2753 1201 2815 praecepto
1225 2746 1524 2798 mandatam
1545 2745 1737 2811 fuisse,
1761 2745 1937 2799 statim
1962 2744 2162 2809 adiicit,
2185 2761 2280 2798 nec
2296 2748 2427 2797 sacis
2444 2745 2666 2798 consulte
2682 2745 2909 2799 humosa

579 2833 754 2902 aliqua
772 2833 881 2901 leqe
890 2835 1299 2902 praeciperetur,
1323 2841 1380 2883 ut
1396 2832 1584 2884 delicta
1595 2871 1611 2894 ,
1625 2834 1933 2901 praesertim
1951 2838 2149 2882 secreta
2160 2868 2174 2893 ‚
2187 2830 2403 2899 publica
2421 2838 2583 2883 essent
2599 2834 2908 2900 consessione

578 2919 880 2989 aperienda.
946 2916 1192 2970 Divinum
1217 2933 1426 2986 prorsus
1450 2932 1510 2969 ac
1531 2921 1680 2970 tanto
1705 2932 1955 2970 consessu
1978 2916 2199 2984 dignum
2233 2915 2528 2981 oraculum,
2560 2932 2629 2969 ex
2664 2932 2770 2986 quo
2802 2932 2907 2970 non

578 3004 732 3058 modo
757 3003 820 3056 de
844 3007 1161 3057 secretorum
1183 3001 1483 3065 criminum,
1507 3001 1599 3055 sed
1623 3002 1781 3055 etiam
1806 3001 2133 3072 publicorum
2154 3000 2364 3070 publica
2385 3000 2709 3071 professione
2731 3002 2909 3072 colligi

576 3096 750 3160 potest
770 3087 915 3142 nulla
936 3101 1168 3156 unquam
1191 3085 1443 3151 bumana,
1467 3085 1564 3139 hoc
1588 3093 1672 3140 est
1693 3086 2045 3140 ecclesiastica
2065 3087 2209 3156 lege,
2243 3101 2405 3155 quam
2430 3086 2608 3141 divino
2630 3093 2907 3159 praecepto

579 3173 863 3227 Tridentini
885 3177 1059 3242 patres
1084 3177 1376 3242 opponunt,
1409 3172 1798 3241 poenitentibus
1829 3172 2128 3242 impositam
2158 3171 2348 3236 fuisse,
2380 3187 2441 3225 ac
2475 3188 2541 3227 ne
2570 3172 2771 3244 imponi
2796 3174 2907 3244 qm'·

581 3258 700 3311 dem
721 3257 997 3328 prudenter
1018 3257 1268 3326 potuisse.
1337 3255 1607 3326 Siquidem
1629 3273 1735 3310 vox
1765 3258 1854 3310 illa
1868 3261 2174 3326 praesertim
2198 3255 2333 3311 hanc
2353 3256 2514 3311 babet
2533 3259 2669 3323 vim,
2703 3264 2763 3312 ut
2795 3275 2906 3312 cae·

580 3348 693 3397 tera
716 3358 922 3412 quoque
945 3357 1132 3411 parum
1148 3342 1383 3394 consulte
1400 3342 1734 3412 pronunciari
1750 3347 2071 3407 censeantur,
2096 3342 2329 3412 adeoque
2346 3359 2480 3412 quae
2498 3342 2560 3398 de
2576 3343 2682 3398 illis
2699 3344 2913 3415 publice

583 3427 888 3482 confitendis
910 3427 1015 3480 lata
1036 3426 1192 3479 fuerit
1214 3427 1298 3479 lex
1322 3427 1619 3480 inconsulta
1642 3427 1711 3479 sit
1730 3427 2048 3497 minimeque
2070 3426 2319 3498 prudens,
2348 3429 2451 3481 etsi
2481 3429 2647 3482 altera
2677 3443 2813 3499 quae
2843 3429 2906 3482 de

582 3515 793 3569 secretis
816 3513 955 3565 idem
977 3518 1250 3578 statueret,
1273 3512 1574 3583 prudentiae
1599 3513 1771 3565 minus
1793 3510 1999 3567 babeat.
2055 3514 2288 3583 Apparet
2306 3514 2468 3583 igitur
2491 3529 2557 3568 ex
2581 3514 2908 3569 Tridentino·

579 3617 696 3654 rum
718 3597 815 3653 PP.
850 3614 1005 3651 sensu
1039 3598 1237 3651 nullam
1271 3613 1502 3668 unquam
1539 3597 1831 3651 istiusmodi
1865 3599 2036 3669 legem
2072 3599 2338 3663 extitisse,
2374 3616 2508 3669 quae
2542 3599 2610 3653 ad
2642 3601 2908 3671 publicam

583 3700 1006 3757 quoruncumque
1029 3687 1356 3754 peccatorum
1381 3683 1762 3737 confessionem
1786 3685 2111 3754 poenitentes
2136 3683 2495 3754 adstringeret.
2526 3684 2702 3750 Quare
2716 3685 2905 3741 Leonis

582 3772 738 3825 etiam
763 3770 1023 3824 decretum
1048 3769 1113 3822 ad
1138 3770 1314 3823 omnia
1341 3773 1670 3839 peccatorum
1702 3784 1895 3838 genera
1926 3771 2165 3840 pertinet.
2231 3772 2404 3840 Atque
2426 3771 2511 3823 vel
2542 3786 2610 3824 ex
2641 3787 2732 3836 eo,
2767 3771 2907 3843 quod

580 3857 730 3911 fateri
751 3856 840 3909 isti
862 3861 1137 3925 coguntur,
1168 3855 1378 3926 publica
1409 3855 1580 3907 solum
1614 3855 1834 3907 crimina
1854 3843 2356 3919 confitenda'fuisse,
2392 3872 2499 3909 non
2532 3856 2763 3922 occulta,
2792 3857 2908 3911 nal·

581 3942 689 3997 lam
712 3941 921 3996 omnino
945 3941 1325 3994 confessionem
1343 3939 1606 4009 publicam
1628 3940 1745 4011 lege
1764 3941 2101 3995 constitutam
2117 3957 2234 3994 esse
2252 3939 2571 3995 validissime
2585 3943 2907 4012 probabitur.

582 4028 787 4082 Etenim
811 4043 930 4080 cum
964 4027 1030 4080 ob
1061 4025 1302 4095 graviora
1334 4025 1590 4078 duntaxat
1621 4031 1673 4078 et
1702 4027 1943 4096 capitalia
1975 4026 2171 4080 scelera
2192 4026 2512 4096 poenitentia
2531 4026 2742 4097 publica
2764 4043 2907 4100 prae-

585 4115 777 4183 scripta
798 4114 891 4177 sit,
916 4111 1007 4181 qui
1028 4109 1155 4163 haec
1175 4110 1381 4179 publice
1405 4111 1750 4180 omnibusque
1769 4112 1991 4165 consciis
2009 4112 2330 4176 admisisset,
2353 4127 2474 4165 cnm
2496 4112 2704 4183 publice
2725 4119 2908 4184 postea

586 4199 892 4269 poeniteret,
926 4195 1048 4267 quid
1081 4211 1143 4249 ea
1174 4194 1408 4248 confiteri
1431 4209 1641 4249 necesse
1664 4196 1867 4260 habuit,
1901 4202 1993 4249 aut
2013 4197 2103 4265 qui
2125 4195 2332 4249 tandem
2358 4197 2411 4250 in
2434 4197 2537 4251 illis
2559 4198 2770 4268 publice
2791 4214 2906 4269 pro·

586 4282 792 4337 fitendis
816 4282 979 4354 pudor
1002 4297 1063 4334 ac
1086 4279 1395 4336 verecundia
1409 4319 1423 4343 ,
1456 4281 1541 4333 cui
1563 4281 1619 4334 in
1641 4281 1943 4350 abroganda
1964 4281 2294 4335 confessione
2317 4281 2585 4337 Nectaritu
2611 4285 2906 4338 consultum

591 4383 704 4421 esse
724 4369 989 4422 voluerat?
1058 4365 1295 4430 Queritur
1318 4364 1639 4420 Sozomenus
1670 4367 1877 4419 sublato
1900 4364 1998 4418 hoc
2029 4367 2170 4436 ipso,
2203 4367 2550 4438 quodcunque
2572 4368 2787 4423 tandem
2809 4368 2905 4424 Ne-

592 4453 780 4506 ctarius
804 4453 1114 4522 antiquavit,
1137 4452 1279 4504 velut
1297 4450 1475 4503 fraeno
1500 4451 1723 4520 quodam
1747 4451 2001 4516 detraeto,
2023 4452 2272 4505 maiorem
2293 4453 2360 4505 ad
2376 4470 2531 4507 omne
2554 4455 2726 4510 scelus
2748 4455 2904 4509 lieen-

591 4538 718 4590 tiam
740 4535 974 4591 homines
995 4534 1264 4602 babuisse,
1297 4552 1416 4590 cum
1447 4544 1567 4589 ante
1591 4540 1674 4602 τῆς
1698 4534 1981 4605 teanum
2008 4543 2177 4590 metus
2197 4537 2316 4592 illos
2340 4554 2402 4591 ac
2425 4539 2740 4593 verecundia
2761 4541 2905 4594 ecer-

595 4627 748 4675 ceret.
812 4620 986 4677 Nostri
1007 4619 1105 4675 hoo
1127 4620 1195 4674 ad
1214 4621 1479 4692 publicam
1501 4619 1883 4678 confessionem
1903 4621 2237 4676 uansferunt.
2305 4623 2389 4689 si,
2422 4629 2483 4678 ut
2504 4624 2715 4692 volunt,
2736 4625 2905 4697 pubh‘·
