3185 5219
608 381 769 439 CVIII

607 542 661 591 et
681 538 1045 609 antiquissima
1065 539 1283 593 concilia
1304 539 1513 610 saepius
1535 538 1910 605 adhibuerunt,
1946 545 2002 594 et
2018 538 2273 611 hodieque
2296 540 2350 594 in
2374 540 2686 609 menologiis
2708 539 2923 592 ecclesia

606 624 819 688 retinet,
845 629 937 677 aut
955 625 1190 689 illorum,
1224 631 1318 678 aut
1348 623 1502 679 huius
1536 625 1812 678 autoritate
1834 625 1996 678 fuisse
2019 626 2387 679 constitutam?
2421 625 2550 679 adeo
2581 631 2643 679 ut
2674 626 2767 696 qui
2787 624 2923 678 Lati·

607 725 793 763 norum
820 709 1276 780 Hebraeorumque
1306 716 1415 764 tam
1449 709 1710 764 diversam
1742 726 1802 764 ac
1837 710 2172 765 dissidentem
2207 716 2407 777 teneat,
2437 713 2576 766 illius
2610 710 2817 764 decreto
2847 726 2923 764 re-

604 801 820 866 pugnet.
854 794 981 858 Quis
1003 801 1087 848 est
1106 801 1281 849 autem
1303 797 1394 867 qui
1418 796 1516 850 hoc
1538 797 1748 849 saeculo
1774 794 2166 867 chronologiam
2182 797 2432 867 attingat,
2456 797 2546 867 qui
2563 813 2668 850 non
2685 795 2926 850 Latinam

406 892 448 931 p·
469 881 554 923 ¹²⁰·
603 885 655 933 et
672 880 981 938 Hebraicam
1003 881 1161 934 istam
1185 882 1356 946 alteri,
1382 898 1537 951 quam
1560 881 1781 935 adscivit
1797 882 2040 948 ecclesia,
2064 882 2479 953 anteponendam
2496 883 2796 936 existimet?
2827 880 2926 935 Par

604 966 762 1019 estin
785 981 908 1019 aera
931 965 1121 1020 Christi
1142 968 1350 1038 vulgari
1372 968 1669 1021 institutum
1692 968 1940 1020 ecclesiae
1954 1008 1968 1033 ‚
2001 973 2060 1021 ut
2092 984 2234 1034 eam,
2255 968 2407 1039 ‘quod
2439 967 2577 1039 apud
2605 966 2926 1021 Christianos

605 1068 787 1105 omnes
810 1052 1105 1117 obtinuerit,
1129 1052 1194 1106 ad
1218 1069 1373 1107 usum
1394 1053 1690 1118 transferat,
1719 1058 1895 1107 utrum
1917 1069 2038 1107 vero
2061 1055 2129 1107 ab
2151 1054 2265 1123 ipso
2289 1055 2451 1108 natali
2473 1052 2667 1107 Christi
2687 1059 2927 1106 accurate

602 1139 822 1208 repetita
843 1139 938 1203 sit,
969 1135 1100 1191 nihil
1122 1138 1250 1192 adeo
1274 1140 1561 1209 perquirat,
1592 1155 1762 1209 neque
1785 1138 1851 1191 ad
1875 1138 2004 1192 haec
2023 1140 2218 1192 leviora
2240 1141 2550 1208 gravitatem
2571 1139 2928 1192 autoritatem·

603 1241 704 1294 que
736 1239 917 1290 suam,
953 1239 1087 1293 quae
1121 1229 1454 1277 sacrosancta
1475 1224 1628 1277 debet
1649 1239 1788 1289 esse,
1820 1225 2079 1296 interponi
2099 1225 2341 1295 patiatur.
2387 1224 2558 1288 Quam
2579 1225 2634 1277 in
2657 1241 2771 1278 rem
2792 1225 2931 1278 valet

601 1309 883 1381 imprimis,
907 1309 1045 1379 quod
1069 1310 1261 1364 Paulus
1283 1310 1754 1380 Middelburgeusis
1777 1310 1866 1363 lib.
1885 1326 2000 1366 xm.
2027 1325 2141 1380 cap.
2157 1329 2232 1366 vr.
2258 1312 2509 1381 scriptum
2531 1310 2757 1380 reliquit.
2793 1309 2930 1363 Nam

603 1412 722 1448 cum
765 1395 1031 1449 biennium
1071 1395 1227 1459 illud,
1269 1396 1332 1449 de
1367 1411 1469 1465 quo
1504 1412 1661 1465 supra
1692 1395 1945 1461 diximus,
1978 1395 2220 1464 Dionysii
2250 1411 2400 1449 aerae
2433 1396 2616 1449 deesse
2647 1394 2929 1459 docuisset,

603 1480 822 1534 subinde
847 1481 947 1534 sibi
970 1481 1111 1534 istud
1134 1481 1338 1546 obiicit,
1362 1482 1512 1551 sequi
1534 1497 1603 1534 ex
1627 1498 1689 1534 eo
1714 1481 1874 1533 videri
1897 1481 2170 1534 ecclesiam
2191 1482 2247 1534 in
2267 1482 2422 1534 bullis
2444 1497 2504 1534 ac
2529 1481 2795 1551 rescriptis
2817 1480 2928 1534 suis

602 1567 856 1620 oberrare.
893 1566 991 1618 Cui
1013 1566 1088 1618 sic
1113 1566 1357 1620 occurrit:
1383 1566 1668 1619 Ecclesiam
1689 1566 1790 1619 hac
1810 1572 2102 1637 temporum
2124 1566 2467 1620 subductione
2489 1567 2568 1621 uti
2585 1566 2814 1636 quidem,
2837 1565 2930 1619 sed

602 1653 818 1705 minime
848 1652 1091 1721 probare,
1128 1669 1311 1706 verum
1344 1667 1379 1704 a
1407 1650 1745 1722 chronologia
1777 1657 2070 1706 mutuatam
2105 1668 2259 1705 suum
2291 1651 2358 1705 ad
2389 1668 2542 1705 usum
2573 1652 2931 1718 accomodare,

603 1737 847 1807 quicquid
878 1742 1053 1789 autem
1083 1737 1212 1790 insit
1240 1738 1452 1803 erroris,
1486 1737 1537 1790 id
1571 1738 1675 1790 illis
1710 1754 1852 1802 esse,
1885 1754 1990 1791 non
2023 1738 2271 1790 ecclesiae
2306 1737 2652 1791 tribuendum.
2696 1737 2778 1791 Ad
2801 1738 2930 1790 haec

603 1840 707 1876 non
739 1829 989 1893 perpetuo
1022 1821 1157 1876 hanc
1189 1825 1245 1876 in
1278 1824 1494 1882 ecclesia
1522 1823 1831 1876 numerandi
1862 1823 2119 1876 rationem
2149 1824 2407 1889 extitisse,
2447 1822 2538 1876 sed
2580 1828 2701 1875 ante
2731 1839 2928 1894 paucos

603 1925 797 1973 annos,
828 1909 926 1962 sub
950 1908 1185 1978 Eugeuio
1210 1928 1307 1974 tv„
1338 1907 1526 1963 Blondi
1556 1908 1924 1962 Foroliviensis
1960 1907 2192 1975 hortatu,
2228 1909 2318 1979 qui
2347 1908 2608 1964 Pontificii
2644 1908 2864 1979 Collegii
2896 1925 2929 1961 a

602 1995 811 2047 secretis
835 1994 1068 2046 notarius
1092 1999 1226 2059 erat,
1250 1994 1547 2050 admissam.
1583 1994 1742 2048 Addit
1764 1999 1816 2048 et
1837 1993 2149 2063 Dionysium
2171 1994 2435 2065 Exiguum
2456 1995 2608 2047 istius
2631 2009 2784 2047 aerae
2808 2011 2929 2046 con-

602 2080 821 2132 ditorem
844 2096 1069 2133 errorem
1093 2081 1372 2149 agnovisse
1397 2096 1578 2146 suum,
1610 2086 1661 2132 et
1684 2082 1991 2132 verecundia
2017 2083 2297 2148 confusum,
2321 2087 2378 2133 ut
2402 2080 2582 2134 scribit
2605 2079 2929 2149 sigebertus,

589 2170 815 2234 frontem
838 2163 940 2216 sibi
952 2167 1171 2234 pudoris
1195 2169 1422 2218 cauterio
1446 2169 1705 2218 mesine.
1753 2165 1894 2220 Haeo
1915 2165 2106 2219 Paulus
2129 2165 2193 2218 de
2217 2182 2338 2219 aera
2357 2165 2711 2236 Dionysiana3
2745 2165 2803 2219 in
2827 2181 2933 2235 qua

600 2249 1021 2322 reprehendenda
1040 2251 1204 2303 multo
1227 2251 1315 2304 ille
1335 2249 1786 2321 reprehendendus
1809 2251 1983 2321 magis
2018 2257 2120 2316 est,
2150 2257 2210 2305 ut
2238 2252 2293 2304 in
2324 2252 2680 2322 superioribus
2713 2252 2932 2321 planum

601 2337 766 2390 cuivis
791 2352 905 2389 esse
927 2336 1126 2389 factum
1148 2335 1477 2390 confidimus.
1524 2335 1633 2390 Neo
1654 2342 1737 2390 est
1760 2336 1970 2390 omnino
1996 2337 2274 2407 quicquam
2303 2354 2337 2390 a
2356 2337 2624 2407 Scaligero
2638 2375 2654 2402 ,
2685 2336 2930 2401 Calvisio,

601 2422 922 2492 caeterisque
944 2427 1127 2475 contra
1147 2421 1283 2476 hanc
1305 2422 1519 2475 allatum
1544 2422 1684 2493 quod
1705 2423 1959 2475 momenti
1980 2422 2175 2493 aliquid
2207 2422 2426 2487 habeat,
2459 2428 2664 2493 praeter
2698 2439 2764 2476 ea
2796 2439 2933 2493 quae

601 2525 669 2563 ex
688 2506 906 2578 Iosepho
923 2513 1191 2577 petuntur3
1215 2523 1349 2577 quae
1371 2524 1437 2562 ne
1459 2509 1576 2579 ipsa
1595 2507 1804 2579 quidem
1825 2508 2034 2561 illorum
2052 2508 2259 2562 biennio
2282 2507 2654 2578 suffragantur,
2678 2508 2933 2578 quoniam

600 2605 708 2648 non
731 2593 936 2648 duobus
958 2591 1158 2659 solum,
1192 2593 1283 2647 sed
1308 2612 1377 2650 w.
1392 2632 1406 2660 ‚
1442 2594 1525 2648 vel
1547 2613 1598 2647 v.
1632 2592 1812 2648 solidis
1846 2594 1998 2648 annis
2023 2592 2213 2648 Christi
2247 2595 2474 2649 natalem
2498 2593 2935 2650 antevertendum

600 2682 974 2735 demonstrant.
1023 2679 1166 2743 Quae
1199 2695 1283 2734 rea
1313 2680 1562 2734 adversus
1598 2681 1983 2735 nobilissimum
2013 2680 2261 2733 historiae
2283 2681 2589 2751 scriptorem
2611 2682 2752 2734 viros
2777 2698 2932 2752 quos-

601 2766 723 2819 dam
744 2767 860 2836 pios
886 2781 947 2819 ac
966 2765 1145 2819 doctos
1166 2766 1422 2820 maiorem
1443 2767 1499 2819 in
1522 2766 1736 2821 modum
1759 2767 2069 2832 commovit;
2093 2771 2152 2819 ut
2175 2782 2332 2836 quem
2353 2766 2613 2821 mendacii
2633 2767 2936 2821 convictum

599 2854 869 2924 putarent,
899 2850 1029 2904 nihil
1062 2852 1113 2905 ei
1132 2852 1291 2905 tribui
1314 2852 1607 2906 autoritatis
1631 2869 1694 2907 ac
1716 2852 1836 2907 fidei
1859 2854 2175 2923 paterentur,
2207 2852 2512 2923 praesertim
2533 2852 2589 2906 in
2612 2853 2679 2905 iis
2704 2868 2843 2924 quae
2867 2852 2934 2907 ad

599 2938 817 2993 Herodis
851 2953 1017 2991 annos
1052 2939 1300 3001 attinent,
1330 2938 1387 2991 in
1422 2939 1612 3008 quibus
1647 2940 1874 2991 absurda
1908 2946 2266 3008 etportentosa
2297 2940 2571 2990 mendacia
2602 2938 2779 2991 inesse
2811 2955 2936 2993 cum

601 3040 809 3078 summa
830 3023 1180 3077 inconstantia
1201 3028 1255 3076 et
1269 3023 1626 3076 Romanorum
1641 3024 1924 3078 Annalium
1940 3023 2148 3076 inscitia
2163 3021 2516 3076 Ecclesiastici
2530 3023 2764 3078 Annales
2788 3024 2932 3078 affir-

599 3116 764 3162 mant.
832 3108 951 3161 Non
981 3108 1021 3161 ii
1054 3124 1264 3175 sumus,
1298 3108 1389 3178 qui
1418 3125 1744 3162 summorum
1765 3109 1994 3163 virorum
2025 3109 2308 3162 memoriae
2344 3114 2396 3162 et
2427 3109 2806 3164 existimationi
2841 3111 2935 3165 ob-

598 3195 811 3247 trectari
820 3193 1055 3258 velimus,
1073 3194 1349 3263 praecipue
1366 3193 1766 3258 catholicorum3
1784 3200 1845 3246 ut
1859 3195 1904 3247 si
1921 3194 2044 3264 quid
2062 3194 2131 3247 ab
2147 3194 2251 3247 illis
2267 3195 2551 3248 titubatum
2567 3196 2937 3249 commissum-

601 3295 703 3349 que
725 3280 820 3343 sit,
856 3279 1085 3332 severius
1108 3294 1508 3348 persequamur-3
1542 3295 1713 3350 neque
1736 3296 1834 3333 nos
1859 3280 2070 3333 omnino
2096 3280 2284 3335 canina
2303 3280 2397 3333 illa
2415 3280 2664 3334 facundia
2695 3281 2937 3347 delectat,

603 3378 739 3434 quae
760 3364 1047 3417 multorum
1070 3363 1344 3433 occupavit
1363 3364 1592 3434 ingenia.
1638 3364 1742 3418 Sed
1763 3364 1892 3418 illud
1915 3371 2089 3419 tamen
2115 3365 2254 3436 quod
2275 3365 2440 3419 cuivis
2461 3364 2561 3420 hoc
2584 3366 2642 3419 in
2662 3367 2939 3421 literarum

600 3465 795 3519 genere
818 3464 1127 3503 concessum
1148 3454 1255 3514 est,
1290 3455 1541 3519 negatum
1571 3451 1724 3505 nobis
1758 3468 1873 3506 esse
1905 3453 2175 3518 nolumus,
2206 3458 2268 3505 ut
2285 3453 2480 3522 siquid
2502 3453 2653 3507 aliter
2674 3458 2834 3522 atque
2858 3453 2939 3507 ini

601 3536 859 3589 senserint
890 3535 1064 3588 visum
1094 3534 1245 3589 nobis
1267 3534 1447 3601 fuerit,
1479 3536 1533 3589 id
1567 3536 1796 3605 ingenue
1818 3537 2155 3608 profiteamur
2179 3554 2240 3591 ac
2262 3537 2448 3602 libere;
2483 3554 2552 3592 ne
2573 3537 2702 3608 quid
2723 3539 2938 3592 veritati

601 3619 729 3674 haec
745 3622 877 3691 ipsa,
901 3636 1035 3692 quae
1057 3622 1251 3674 servire
1272 3621 1351 3674 illi
1373 3621 1541 3688 debet,
1564 3621 1705 3675 obsit
1721 3620 1988 3676 hominum
2006 3624 2257 3677 autoritas
2276 3628 2329 3675 et
2344 3623 2745 3679 commendatio.
2782 3624 2938 3688 Quod

599 3722 670 3760 ne
692 3707 957 3777 praesenti
977 3707 1032 3760 in
1053 3707 1268 3776 negotio
1293 3708 1566 3777 contingat
1585 3723 1907 3778 magnopere
1930 3714 2012 3761 est
2030 3707 2331 3763 verendum.
2372 3706 2555 3779 Neque
2574 3725 2700 3762 vero
2722 3709 2938 3780 Iosephi

598 3792 949 3863 patrocinium
970 3791 1207 3846 hocloco
1231 3794 1573 3864 suscipimus,
1602 3811 1701 3848 nec
1722 3809 1924 3847 errasse
1945 3794 2094 3847 illum
2116 3791 2421 3858 inficiamur,
2444 3799 2537 3847 aut
2556 3800 2827 3864 postremo
2849 3798 2939 3850 vel

598 3879 876 3932 minimum
911 3884 1091 3931 contra
1118 3894 1385 3932 sacrarum
1413 3879 1574 3933 fidem
1595 3879 1864 3933 literarum
1886 3879 2126 3948 scriptori
2147 3879 2241 3931 ulli
2259 3878 2556 3933 tribuimus.
2611 3879 2816 3935 Verum
2833 3898 2938 3936 nec

601 3980 733 4034 quae
767 3964 837 4016 ad
867 3963 1007 4017 illius
1040 3964 1378 4018 minuendam
1411 3965 1858 4019 existimationem
1890 3963 2175 4017 afferuntur
2203 3979 2327 4016 vera
2360 3969 2607 4033 putamus
2642 3967 2850 4032 omnia,
2885 3972 2941 4021 et

598 4049 739 4120 quod
762 4049 830 4102 ad
852 4049 1141 4103 recentiora
1162 4049 1469 4104 Iudaeorum
1488 4058 1725 4121 tempora
1747 4054 1974 4120 spectat,
2011 4049 2282 4102 certiorem
2314 4063 2376 4101 ao
2407 4051 2821 4106 constantiorem
2843 4050 2938 4106 ha-

599 4136 786 4189 bemus
809 4140 991 4189 autore
1012 4135 1114 4188 isto
1136 4136 1416 4192 neminem.
1464 4136 1539 4189 Ac
1561 4141 1768 4189 tantum
1791 4135 1962 4199 abest,
1985 4132 2114 4186 haec
2137 4139 2197 4185 ut
2215 4138 2325 4186 tam
2345 4133 2582 4200 assidua,
2604 4140 2719 4191 tam
2741 4140 2940 4193 acerba

598 4236 720 4274 cum
738 4219 955 4291 Iosepho
965 4221 1249 4277 Annalium
1267 4221 1617 4292 expostulatio
1637 4219 1700 4273 de
1717 4220 1856 4273 illius
1875 4217 2013 4289 apud
2032 4234 2116 4270 me
2132 4216 2234 4270 fide
2244 4218 2328 4270 vel
2343 4219 2609 4274 tantillum
2625 4220 2939 4290 detraxerit,

598 4313 657 4360 ut
679 4305 777 4360 hoc
800 4308 914 4377 ipso
937 4307 1166 4377 primum
1189 4307 1401 4360 nomine
1424 4311 1668 4375 suspecta
1689 4321 1804 4359 esee
1833 4302 1964 4357 mihi
1994 4302 2256 4355 accusatio
2290 4304 2382 4357 illa
2412 4306 2669 4375 coeperit,
2705 4310 2851 4378 quod
2883 4311 2940 4364 in

598 4408 717 4445 eam
738 4398 884 4446 tanto
908 4391 1178 4446 stomacho
1202 4408 1263 4444 ac
1288 4391 1441 4444 toties
1462 4391 1799 4443 incurrerent.
1838 4389 1975 4441 Tum
1999 4388 2089 4447 ubi
2110 4385 2237 4441 haee
2259 4390 2510 4445 attentius
2533 4395 2775 4460 excussi,
2799 4411 2940 4466 quae

597 4476 665 4530 ad
687 4475 965 4546 Iosephum
999 4476 1335 4531 evertendum
1358 4472 1680 4529 validissima
1711 4474 2068 4538 credebantur,
2100 4471 2231 4526 nihil
2263 4477 2427 4529 atroci
2456 4478 2551 4531 illa
2580 4480 2939 4549 castigatione

396 4589 439 4629 p.
459 4578 545 4619 121.
594 4561 829 4631 iniquius
852 4569 935 4617 est
955 4564 1144 4616 visum.
1188 4560 1333 4625 Quae
1354 4560 1564 4613 tametsi
1585 4561 1714 4612 olim
1737 4575 1771 4611 a
1791 4575 1877 4612 me
1899 4557 2283 4626 animadversa,
2309 4560 2572 4632 disputata
2593 4566 2942 4634 postmodum

594 4648 665 4702 ab
688 4648 806 4703 aliis
840 4654 996 4718 atque
1028 4646 1291 4717 explicata
1324 4644 1550 4715 comperi
1563 4683 1577 4711 ‚
1599 4646 1754 4699 licere
1775 4642 1903 4699 mihi
1922 4642 2133 4715 quidem
2149 4647 2371 4701 arbitror
2388 4663 2526 4717 quae
2539 4649 2757 4718 perinde
2777 4658 2842 4707 ut
2861 4653 2943 4707 illi
