3185 5219
2443 369 2602 427 XXV

402 534 499 590 Καὶ
520 536 606 603 τῆς
628 531 817 601 πλάνης
838 529 901 586 τὰ
922 530 1250 603 βοσκήματα]
1285 529 1529 584 Fortasse
1547 526 1616 582 τὰ
1633 526 1883 599 σχήματα.

1014 686 1105 741 AD
1151 681 1463 741 IUDAISMI
1493 682 1861 737 HAERESES.

408 792 719 863 Ἰουδαϊσμὸς
751 789 929 843 λοιπὴν
951 788 1226 860 μορισθείς.]
1280 788 1356 841 De
1390 786 1615 841 Iudaicis
1653 786 1967 843 factionibus
2008 786 2248 857 deinceps
2293 787 2427 857 agit,
2469 801 2602 857 quas

275 886 395 935 ante
436 878 629 933 Christi
668 877 950 931 adventum
989 879 1231 945 septenas
1263 880 1513 927 recenset.
1574 871 1726 936 Quod
1755 870 2019 932 πλατυκῶς
2062 877 2115 926 et
2143 873 2329 943 pingui
2366 873 2604 928 Minerva

273 967 469 1020 dictum
491 969 589 1019 est.
646 963 780 1017 Nam
802 968 908 1015 tres
932 967 1135 1015 constat
1156 960 1294 1031 apud
1316 958 1534 1013 Iudaeos
1560 958 1723 1012 fuisse
1746 963 1946 1022 sectas3
1982 963 2214 1012 caeteras
2230 998 2244 1023 ,
2276 975 2408 1029 quse
2432 975 2465 1012 a
2484 958 2602 1013 Phi-

272 1054 479 1117 lutrio,
500 1051 699 1105 Isidoro
724 1056 778 1102 et
798 1048 895 1103 hoc
916 1055 1097 1101 nostro
1120 1051 1486 1110 numerantur,
1518 1045 1710 1116 partim
1741 1043 2054 1099 Iudaeorum
2081 1061 2187 1098 non
2211 1061 2326 1098 esse
2348 1047 2601 1115 proprias,

274 1140 461 1210 partim
484 1153 550 1190 ne
571 1135 813 1190 haereses
837 1133 1048 1204 quidem
1063 1132 1253 1197 videri,
1286 1132 1476 1202 partim
1509 1131 1732 1201 denique
1767 1146 1799 1183 a
1829 1130 1996 1184 tribus
2027 1130 2130 1183 illis
2163 1131 2465 1185 matricibus
2494 1148 2604 1185 non

275 1242 389 1279 esse
432 1223 732 1287 distinctas,
773 1236 908 1291 quae
959 1225 1083 1273 sunt
1127 1217 1544 1281 Pharisaeorum,
1602 1216 2052 1280 Sadducaeorum,
2102 1215 2434 1273 Essenorum.
2525 1218 2603 1271 De

274 1311 465 1381 quibus
496 1309 743 1379 qnoniam
783 1321 993 1359 summa
1027 1321 1149 1358 cum
1186 1304 1473 1359 eruditione
1511 1318 1573 1356 ac
1613 1302 1887 1372 diligentia
1917 1301 2180 1355 Serrarius
2220 1309 2398 1357 noster
2438 1304 2603 1359 tribus

278 1397 425 1449 libris
450 1393 722 1458 disseruit,
743 1398 798 1444 et
819 1408 952 1462 quae
976 1391 1041 1444 de
1062 1390 1129 1443 iis
1152 1389 1417 1443 observari
1438 1405 1473 1442 a
1494 1404 1577 1441 me
1601 1393 1816 1459 possent
1839 1388 2113 1458 occupavit
2134 1389 2310 1442 omnia
2323 1428 2337 1453 ,
2362 1390 2605 1459 cupidum

277 1497 457 1535 earum
480 1496 657 1533 rerum
677 1479 924 1531 lectorem
948 1477 1015 1529 ad
1036 1475 1610 1530 illiuslucubrationem
1627 1473 1991 1528 dimittendum
2011 1473 2187 1545 potius
2204 1474 2422 1527 arbitror
2444 1491 2606 1544 quam

277 1569 446 1621 otiosa
466 1565 775 1637 repetitione
811 1562 1160 1617 detinendum.
1214 1561 1461 1615 Conferat
1481 1560 1643 1614 etiam
1664 1560 1712 1613 si
1733 1560 1877 1613 lubet
1898 1576 2020 1613 cnm
2042 1559 2262 1613 Serrarii
2283 1558 2603 1614 Trihaeresio

276 1669 337 1707 ac
357 1651 657 1716 Minervali,
693 1666 827 1720 quae
849 1649 1070 1702 Drusius
1094 1654 1148 1701 et
1169 1647 1259 1701 alii
1284 1647 1492 1716 quidam
1516 1646 1578 1698 de
1603 1645 1785 1700 eodem
1800 1651 2110 1715 argumento
2127 1646 2462 1717 scripserunt.
2493 1646 2604 1700 Nos

279 1739 417 1792 enim
441 1737 525 1791 hic
550 1753 613 1790 ea
635 1742 838 1790 tantum
873 1734 1238 1788 adnotabimus
1272 1748 1406 1803 quae
1429 1733 1495 1785 ad
1529 1731 1900 1789 illustrandum
1932 1729 2281 1802 Epiphaniam
2310 1733 2606 1787 necessaria

278 1824 608 1880 videbuntur.

895 1957 983 2012 DE
1020 1954 1440 2011 SADDUCAEIS
1476 1955 1808 2011 HAERESIS
1842 1955 1985 2010 xlv,

411 2082 612 2151 Πρῶτοι
634 2080 961 2132 Σαδδουκαῖοι
984 2076 1291 2149 ἀπόσπασμα
1312 2072 1486 2144 Evae]
1524 2076 1788 2141 Quantum
1819 2093 1888 2130 ex
1909 2076 2018 2142 his,
2052 2092 2186 2148 quae
2207 2076 2529 2148 Epiphanius
2550 2079 2607 2135 in

279 2167 359 2221 his
382 2168 539 2221 sectis
562 2166 810 2237 prodidit,
834 2166 1011 2235 colligi
1039 2170 1236 2236 potest,
1269 2165 1370 2218 duo
1403 2164 1547 2218 fuere
1579 2162 1834 2217 Dosithei.
1899 2164 2072 2229 Alter,
2103 2165 2344 2234 idemque
2373 2171 2607 2236 tempore

282 2255 555 2325 posterior,
598 2252 999 2316 Samaritanus,⁴
1018 2253 1165 2305 cuius
1200 2252 1438 2305 meminit
1471 2251 1723 2321 OrIgenes
1739 2289 1753 2315 ,
1786 2251 1916 2303 alter
1937 2251 2094 2320 longe
2125 2251 2412 2322 antiquior3
2446 2268 2480 2304 a
2502 2269 2607 2322 quo

283 2344 597 2411 propagatos
620 2355 738 2391 esse
761 2338 1059 2391 Sadueaeos
1082 2355 1189 2392 non
1209 2336 1531 2409 Epiphanius
1554 2338 1752 2402 solum,
1784 2336 1876 2389 sed
1899 2337 2057 2389 etiam
2081 2337 2425 2407 Hieronymus
2449 2342 2608 2391 testa·

285 2432 365 2480 tur
379 2466 393 2491 ,
417 2427 643 2495 Dialogo
667 2430 850 2478 contra
869 2423 1091 2478 Lucifer.
1126 2422 1291 2476 Taceo
1303 2462 1318 2487 ,
1341 2424 1537 2493 inquit,
1563 2425 1627 2476 de
1649 2424 1906 2475 Iudaismi
1926 2421 2205 2475 haereticis
2213 2461 2229 2487 ,
2264 2427 2351 2494 qui
2372 2434 2491 2477 ante
2514 2427 2609 2478 ad-

285 2522 476 2565 ventum
524 2511 721 2564 Christi
761 2512 921 2579 leyen
967 2512 1213 2563 &aditam
1259 2512 1604 2579 diemparuntr
1644 2510 1778 2577 qued
1815 2507 2114 2573 Doeitheue,
2166 2508 2610 2563 »Samaritanorum

277 2603 547 2670 princeps,
580 2596 861 2668 prophetas
878 2599 1198 2668 repudiavit,
1229 2597 1361 2666 quod
1388 2594 1690 2650 Sadducaei
1711 2613 1774 2649 em
1793 2596 1935 2647 illiue
1954 2596 2139 2648 radice
2173 2606 2437 2650 nascentes
2458 2600 2611 2649 etiam

284 2689 699 2737 resurrectionem
723 2687 901 2736 carnis
922 2693 1244 2752 nequeenim.
1296 2681 1379 2734 Ex
1401 2680 1639 2736 Dosithei
1659 2696 1785 2751 ergo
1807 2680 1984 2735 radice
2003 2681 2116 2735 nati
2145 2686 2271 2735 sunt
2291 2681 2608 2747 Sadducaei3

285 2771 420 2840 quod
442 2774 527 2822 est
546 2768 685 2822 idem
709 2774 865 2839 atque
888 2767 1194 2840 ἀπόσπασμα
1214 2769 1379 2822 fuisse
1400 2770 1501 2819 τῶν
1525 2766 1785 2820 Δοσιθέων.
1843 2765 1913 2819 Ut
1942 2767 2120 2821 mirari
2149 2767 2384 2838 Scaliger
2405 2768 2612 2826 desinat

285 2857 351 2909 ab
372 2854 662 2926 Epiphanio
685 2855 739 2907 id
762 2870 877 2908 esse
901 2856 1166 2925 scriptum.
1237 2854 1415 2923 ltaque
1445 2852 1727 2906 Dositheus
1758 2868 1790 2905 a
1812 2852 2018 2905 Iudaeis
2051 2853 2118 2905 ad
2140 2852 2496 2906 Samaritanos
2521 2854 2606 2907 de-

283 2942 463 2996 ficiens
480 2941 801 3011 peculiarem
818 2941 926 2994 illic
948 2946 1147 2994 sectam
1168 2939 1410 2993 condidit.
1466 2939 1636 3002 Quam
1657 2942 1842 3010 postea
1862 2937 2102 2993 Sadokus
2122 2939 2468 3010 interpolavit,
2488 2956 2608 2994 cum

286 3035 338 3082 et
356 3030 469 3098 ipse
490 3027 560 3080 ad
582 3026 937 3080 Samaritanos
961 3043 994 3079 a
1014 3026 1218 3080 Iudaeis
1240 3026 1546 3079 transiisset.

416 3111 813 3182 Ἐπονομάζουσι
836 3111 890 3165 δὶ
913 3106 1049 3165 οὗτοι
1072 3111 1311 3180 ἑαυτούς.]
1371 3112 1632 3166 Saducaei
1660 3112 1885 3182 passim,
1919 3112 2057 3183 apud
2093 3111 2320 3166 Graecos
2359 3115 2608 3182 maxime,

286 3201 551 3270 geminato
572 3199 601 3249 δ
624 3198 942 3264 scribuntur,
966 3199 1117 3269 quasi
1134 3204 1272 3252 esset
1292 3203 1486 3292 ,τ’-ΠΣ.
1521 3198 1675 3269 Apud
1693 3215 1814 3253 Lxx.
1835 3199 2232 3269 antiquissimus
2245 3200 2334 3254 ille
2350 3201 2608 3268 sacerdos,

288 3285 497 3337 Σαδούκ.
556 3284 634 3336 De
659 3300 761 3353 quo
784 3286 993 3356 copiose
1016 3284 1277 3338 Serrarius
1300 3300 1362 3337 ac
1384 3284 1620 3337 Drusius.
1689 3284 1880 3338 Sadoci
1911 3301 2064 3355 porro
2089 3286 2307 3340 extitere
2328 3286 2459 3341 duo:
2484 3304 2612 3357 quo·

286 3388 401 3425 rum
423 3386 561 3423 unus
587 3369 843 3423 duntaxat
876 3373 942 3426 ab
968 3369 1255 3441 Epiphanio
1291 3375 1614 3424 memoratus
1627 3410 1641 3436 ‚
1674 3371 1765 3440 qui
1785 3369 2000 3424 Davidis
2035 3375 2090 3423 et
2117 3371 2414 3427 Salomonis
2442 3380 2611 3428 aetate

287 3459 446 3522 vixit,
470 3457 601 3509 alter
623 3456 841 3525 Antigni
863 3457 1146 3527 discipulus
1161 3497 1174 3522 ‚
1201 3457 1348 3509 cuius
1372 3457 1546 3510 socius
1570 3462 1624 3509 et
1644 3455 2029 3527 condiscipulus
2051 3457 2153 3510 fnit
2173 3457 2413 3524 Baithos,
2439 3467 2498 3514 ut
2518 3477 2610 3515 au·

291 3548 367 3596 tor
400 3548 481 3596 est
510 3541 653 3595 Elias
686 3543 742 3595 in
773 3541 971 3596 Thisbi.
1040 3543 1120 3596 Ab
1151 3540 1249 3596 hoc
1281 3544 1568 3613 posteriore
1590 3542 1846 3596 Saducaei
1879 3559 2002 3596 cum
2026 3544 2228 3613 origine
2249 3561 2443 3601 nomen
2465 3563 2610 3601 woe-
2661 3567 2704 3609 p.
2721 3555 2783 3600 aa.

288 3635 489 3700 petunt.
560 3627 767 3681 Etenim
790 3629 944 3681 ambo
965 3629 1043 3681 illi
1066 3645 1098 3682 a
1118 3635 1452 3699 praeceptore
1483 3629 1827 3682 desciscentes
1860 3629 2034 3699 legem
2067 3646 2154 3683 ore
2183 3634 2334 3684 tenus
2367 3633 2611 3687 traditam

289 3717 639 3785 abnegarunt,
662 3729 830 3784 neque
854 3714 1026 3779 alteri,
1049 3731 1207 3784 quam
1230 3713 1369 3784 quod
1390 3715 1524 3784 legis
1547 3715 1738 3784 scripto
1758 3720 1894 3767 esset
1909 3731 2244 3785 expressum,
2268 3717 2611 3773 adhibendam

288 3801 442 3855 fidem
463 3804 738 3870 putarunt3
762 3816 832 3853 ex
854 3816 958 3870 quo
981 3803 1197 3889 ΕἿΚἽΡ
1215 3798 1466 3864 Karra'im‚
1491 3800 1643 3870 quasi
1667 3800 1931 3853 Textualee
1951 3800 2088 3856 dicti.
2106 3801 2250 3855 Haec
2266 3801 2422 3857 Elias.
2456 3805 2613 3858 Addit

292 3886 554 3941 Abraham
584 3884 818 3938 Zachnth
842 3885 1010 3939 Sadoc
1043 3891 1096 3938 et
1116 3884 1362 3939 Baiethos
1396 3886 1462 3939 ad
1492 3885 1848 3939 Samaritanus
1882 3891 1936 3938 et
1970 3884 2323 3941 Garisitanum
2355 3891 2608 3959 templum

290 3977 555 4044 receptum
574 3969 835 4025 habuisse.
904 3970 1007 4025 Sed
1027 3971 1144 4025 fieri
1164 3976 1360 4042 potest,
1392 3977 1452 4024 ut
1482 3971 1746 4024 Saducaei·
1767 3971 1870 4042 ipsi
1900 3988 1933 4024 a
1953 3972 2124 4042 priore
2152 3973 2243 4026 illo
2274 3988 2336 4027 ac
2368 3976 2608 4028 vetustis-

290 4060 423 4112 simo
446 4056 695 4128 pontifice
728 4056 973 4110 oriundos
1008 4073 1122 4110 sese
1152 4057 1382 4127 profiteri
1414 4058 1631 4110 mallent
1662 4072 1820 4128 quam
1843 4074 1876 4110 a
1897 4059 2182 4128 posteriore
2204 4059 2502 4129 transfuga,
2524 4061 2609 4114 vel

292 4146 446 4198 etiam
464 4149 525 4197 ut
544 4142 847 4196 adimi-iriae
861 4144 1171 4197 vocabulum
1194 4149 1248 4196 et
1266 4143 1494 4197 nominis
1509 4144 1988 4215 interpretationem
2003 4144 2306 4209 alluderent,
2327 4144 2482 4214 idque
2499 4162 2609 4200 cre-

295 4231 395 4284 bris
418 4235 731 4299 usurparent
751 4230 1100 4295 sermonibus,
1124 4229 1263 4300 quod
1284 4235 1448 4283 unum
1468 4229 1586 4282 ideo
1599 4269 1613 4293 ,
1635 4230 2002 4300 praetermissa
2022 4232 2188 4284 altera
2209 4245 2268 4283 ac
2293 4230 2490 4286 veriore
2512 4232 2608 4286 Sa·

294 4315 608 4370 dumorum
628 4315 853 4384 origine,
877 4315 1302 4370 commemoravit
1320 4314 1659 4385 Epiphanius.

425 4401 627 4471 Πνεῦμα
650 4398 704 4452 δὲ
726 4399 863 4470 ἅγιον
886 4400 978 4453 οὐκ
995 4399 1173 4469 icccc]
1206 4403 1431 4455 Actuum
1455 4416 1565 4471 cap.
1588 4418 1739 4467 xxm,
1763 4401 1811 4456 8.
1844 4401 2146 4455 Sadducaei
2164 4405 2294 4454 entim
2315 4404 2493 4456 dicunt
2509 4423 2610 4459 noa

297 4505 399 4540 esee
418 4491 860 4550 resurrectionem,
894 4505 1047 4557 neque
1082 4489 1335 4556 anqelum,
1372 4503 1524 4555 neque
1552 4492 1814 4556 spiritum.-
1847 4486 1957 4540 οὔτε
1993 4482 2232 4557 ἄγγελον,
2267 4486 2379 4542 οὔτε
2402 4494 2608 4561 πνεῦμα.

296 4573 546 4644 Spiritum
580 4577 821 4626 sanctum
852 4571 951 4627 hoc
981 4574 1097 4627 loco
1127 4589 1234 4626 non
1268 4588 1404 4626 unus
1436 4571 1757 4643 Epiphanius
1785 4573 2067 4639 intellexit,
2097 4573 2191 4626 sed
2213 4578 2266 4628 et
2284 4573 2607 4632 Philastrius.

298 4657 465 4724 Quare
484 4665 683 4715 temere
701 4663 761 4713 et
776 4657 1128 4729 imprudenter
1147 4657 1203 4714 in
1223 4656 1450 4714 Elencho
1473 4657 1732 4728 Scaliger:
1769 4659 2028 4723 minitas,
2056 4657 2249 4731 inquit,
2279 4678 2424 4716 mera
2455 4672 2532 4717 eut
2559 4671 2610 4716 et
