3185 5219
373 1419 416 1461 p.
438 1409 525 1451 1¹15.

582 375 738 432 CLVI

578 530 793 586 modum
827 530 1159 597 deflexerint,
1194 537 1254 585 ut
1288 532 1443 604 paulo
1477 538 1602 604 post
1634 533 1845 604 copiose
1878 531 2240 600 declarabitur,
2276 534 2404 602 alia,
2446 535 2493 589 si
2533 535 2797 608 sapimus,
2837 536 2916 590 in·

578 617 809 671 sistenda
829 619 915 670 via
938 623 1045 683 est,
1077 624 1138 671 ut
1170 619 1447 672 autoritate
1478 619 1654 690 magis
1686 618 1997 690 scriptorum
2022 624 2255 673 veterum
2279 636 2339 673 ac
2366 637 2622 675 consensu
2647 635 2809 692 quam
2833 638 2917 675 ac·

581 708 763 757 curata
785 702 1085 757 coelestium
1108 710 1346 757 motuum
1370 703 1717 776 descriptione
1738 705 1982 758 nitamur.

714 789 783 842 At
802 804 927 843 vero
960 788 1065 842 fuit
1092 788 1184 842 illa
1216 790 1449 844 maxime
1484 790 1779 844 communis
1811 791 2163 861 antiquiorum
2197 791 2401 862 opinio,
2438 790 2702 846 Christum
2724 792 2920 847 Tiberii

579 889 719 929 anno
742 892 915 940 xvm.²
948 872 1154 930 Iuliano
1176 893 1355 931 axxvr.
1389 892 1606 946 passum
1639 891 1782 940 esae;
1817 875 1956 946 quod
1988 875 2311 948 Epiphanius
2344 878 2622 948 amplexus
2654 884 2763 944 est,
2797 895 2917 931 cum

578 976 776 1014 mam
804 961 953 1014 illum
983 960 1283 1031 designavit
1313 978 1416 1031 quo
1441 961 1679 1015 Tiberius
1704 979 1774 1016 vr.
1813 967 1866 1014 et
1888 961 2112 1016 Seianus
2137 978 2271 1018 coss.
2303 962 2541 1029 fuerunt,
2576 965 2724 1032 cyclo
2759 964 2918 1018 lunae

578 1063 717 1111 xm,
751 1045 878 1100 solis
902 1065 1021 1112 xn.;
1055 1048 1153 1100 etsi
1176 1047 1435 1100 Vinicium
1457 1053 1512 1099 et
1534 1046 1835 1117 Longinum
1857 1063 2129 1120 perperam
2153 1047 2439 1115 adscribat,
2474 1048 2610 1120 quod
2633 1066 2729 1120 par
2751 1066 2918 1105 unum

576 1148 711 1187 coss.
735 1132 790 1186 in
814 1132 919 1185 duo
942 1132 1261 1189 distraxerit.
1327 1132 1423 1186 Est
1444 1137 1620 1186 autem
1644 1133 1690 1185 is
1715 1148 1884 1186 annus
1910 1132 2114 1204 Olymp.
2135 1149 2262 1188 cen.
2281 1133 2542 1188 secundus
2563 1135 2775 1202 exiens,
2805 1152 2916 1207 per.

577 1216 808 1272 Iulianae
829 1217 980 1271 4744.
1051 1217 1358 1272 Cuiusmodi
1383 1234 1641 1272 annorum
1663 1235 1862 1273 nexum
1885 1219 2231 1273 certissimum
2256 1236 2372 1273 esse
2394 1220 2656 1274 rationum
2680 1221 2918 1276 omnium

576 1308 844 1357 momenta
877 1304 1208 1374 persuadent.
1278 1303 1428 1368 Quod
1462 1309 1637 1358 autem
1674 1304 1868 1358 Tiberii
1897 1322 2025 1359 xvu.
2061 1310 2314 1368 exeunte,
2351 1305 2552 1360 Iuliano
2577 1323 2756 1362 nxxvr.
2770 1347 2786 1374 ,
2819 1306 2920 1362 hoc

577 1395 659 1443 est
680 1390 827 1459 cyclo
852 1407 967 1444 xm.
991 1405 1181 1460 passus
1205 1391 1300 1455 sit,
1331 1389 1744 1444 demonstratum
1767 1396 1850 1444 est
1871 1405 1902 1443 a
1924 1390 2203 1460 plerisque.
2267 1389 2405 1457 Nos,
2440 1393 2690 1462 quoniam
2719 1393 2798 1447 ita
2829 1410 2919 1447 ne·

579 1491 723 1529 cesse
745 1480 851 1541 est,
874 1491 1083 1530 summa
1105 1476 1473 1546 probationum
1496 1476 1672 1546 capita
1691 1476 1989 1529 libabimus.

715 1559 961 1614 Omnium
981 1562 1149 1632 primo
1174 1565 1324 1615 vetus
1346 1562 1435 1615 ills
1458 1562 1668 1616 traditio
1692 1566 1799 1627 est,
1834 1577 1995 1632 quam
2023 1562 2078 1618 iu
2104 1560 2431 1615 Caesariensi
2456 1563 2675 1620 concilio
2709 1567 2916 1618 secutos

578 1662 693 1700 esse
710 1651 885 1716 patres
902 1646 1256 1716 fragmentum
1274 1646 1404 1700 illud
1428 1646 1649 1713 indicat,
1674 1646 1812 1717 quod
1831 1645 1974 1700 Beda
1990 1645 2288 1717 descripsit,
2312 1648 2404 1701 ubi
2421 1647 2656 1702 Christus
2681 1665 2745 1701 ea
2765 1654 2916 1702 nocte

577 1731 797 1785 traditus
822 1731 1010 1785 dicitur
1035 1747 1167 1801 quae
1197 1732 1431 1801 sequitur
1465 1751 1538 1790 xr.
1563 1732 1678 1786 Kal.
1702 1734 1850 1804 Apr„
1882 1748 2074 1802 passus
2097 1749 2219 1786 vero
2253 1750 2304 1788 x.
2328 1732 2441 1789 Kal.
2467 1734 2589 1804 Apr.
2623 1739 2783 1804 atque
2807 1752 2918 1788 vm.

577 1817 694 1874 Kal.
718 1817 1084 1871 resurrexisse.
1124 1815 1290 1888 Igitur
1310 1817 1515 1871 literam
1539 1817 1830 1872 dominicae
1853 1818 2018 1872 fuisse
2044 1816 2091 1871 G
2112 1834 2329 1872 necesse
2353 1824 2456 1884 est,
2481 1820 2629 1889 cyclo
2652 1820 2780 1873 solis
2802 1837 2916 1885 xn.,

580 1920 736 1974 quem
771 1918 940 1956 annus
974 1902 1207 1957 lulianus
1231 1919 1409 1957 axxvr.
1445 1903 1674 1959 exhibet.
1742 1903 1846 1958 Sed
1877 1904 2016 1974 qnod
2047 1902 2298 1958 Dekerius
2332 1909 2514 1958 noster
2539 1903 2676 1959 hanc
2708 1911 2916 1976 patrum

579 1989 880 2060 opinionem
895 1990 1033 2042 sedis
1059 1990 1373 2058 apostolicae
1394 1991 1795 2042 declarationem
1821 2007 1887 2042 ac
1907 1991 2043 2041 velut
2056 1991 2305 2042 ecclesiae
2323 1992 2653 2054 definitionem
2674 1992 2915 2062 appellat,

577 2073 739 2130 nihilo
761 2074 814 2128 id
837 2074 1011 2128 verius
1033 2081 1117 2128 est
1137 2090 1298 2144 quam
1321 2074 1459 2144 quod
1482 2075 1666 2129 eadem
1698 2076 1754 2128 in
1786 2074 1987 2145 synodo
2017 2075 2215 2128 dietum
2248 2085 2350 2141 est,
2380 2076 2772 2146 aequinoctium
2795 2093 2914 2130 xxv.

576 2162 755 2216 Martii
776 2160 1057 2225 committi,
1087 2175 1225 2214 anno
1249 2158 1442 2214 Christi
1466 2176 1711 2225 cxovm„
1735 2167 1811 2226 et,
1835 2160 1976 2231 quod
1997 2161 2155 2231 longe
2177 2161 2453 2215 absurdius
2477 2168 2583 2227 est,
2615 2161 2802 2215 eodem
2824 2163 2914 2216 illo

579 2247 663 2302 die
683 2247 832 2301 initio
857 2246 1053 2300 conditi
1072 2246 1212 2300 orbis
1227 2244 1479 2302 haesisse.
1516 2246 1711 2300 Notum
1734 2246 1875 2299 enim
1898 2252 1981 2299 est
2001 2247 2230 2301 rationes
2253 2247 2422 2318 ipsas,
2446 2262 2581 2317 quae
2603 2248 2660 2301 in
2683 2248 2916 2302 conciliis

576 2333 881 2398 afferuntur,
902 2348 1075 2403 neque
1097 2348 1248 2386 veras
1272 2348 1387 2386 esse
1409 2338 1687 2403 perpetuo,
1720 2347 1889 2402 neque
1920 2332 2055 2385 inter
2086 2332 2207 2386 fidei
2241 2332 2448 2386 decreta
2469 2333 2684 2387 censeri.
2749 2333 2918 2387 Habet

577 2425 755 2474 tamen
780 2419 1031 2473 autoritas
1055 2419 1146 2471 illa
1169 2434 1500 2472 communem
1524 2418 1587 2471 de
1605 2418 1864 2489 passionis
1887 2418 2381 2488 resurrectionisque
2400 2418 2483 2471 die
2500 2417 2656 2472 fidem
2674 2420 2915 2474 vetustis·

580 2507 831 2560 simorum
854 2509 1173 2575 temporum;
1209 2502 1275 2556 ad
1309 2519 1466 2574 quam
1501 2508 1554 2557 et
1577 2503 1665 2556 illa
1698 2503 2029 2572 adiungenda
2059 2483 2358 2556 testimoni'a
2377 2508 2504 2557 sunt
2525 2504 2716 2574 quibus
2739 2505 2916 2576 passio

579 2592 776 2647 domini
801 2606 848 2645 a.
873 2589 922 2645 d.
946 2608 998 2647 x.
1022 2589 1138 2645 Kal.
1165 2589 1286 2661 Apr.
1302 2629 1316 2654 ,
1338 2589 1438 2644 hoc
1464 2595 1545 2643 est
1568 2606 1718 2644 xxnr.
1743 2588 1945 2655 Martii,
1968 2589 2275 2643 resurrectio
2300 2604 2421 2643 vero
2444 2589 2501 2643 in
2523 2606 2637 2645 vm.
2654 2589 2770 2645 Kal.
2795 2608 2917 2646 con·

576 2678 775 2745 iicitu13
797 2694 959 2749 quam
986 2677 1197 2733 Graecis
1220 2675 1402 2730 tribuit
1421 2674 1617 2731 Paulus
1639 2675 2035 2747 Forosempron.
2050 2715 2066 2743 ,
2090 2682 2143 2729 et
2161 2675 2465 2731 Lactantius
2487 2681 2700 2731 secutus
2723 2683 2806 2732 eet
2827 2678 2916 2732 lib.

578 2783 676 2829 xv„
710 2781 825 2835 cap.
851 2781 902 2819 x.
972 2760 1074 2817 Ubi
1104 2762 1296 2817 asserit
1326 2778 1465 2815 anno
1491 2779 1575 2817 xv.
1601 2761 1819 2826 Tiberii,
1858 2761 2095 2817 Geminis
2127 2761 2331 2817 duobus
2360 2778 2526 2829 coss„
2558 2767 2682 2816 aute
2704 2762 2843 2819 diem
2865 2781 2917 2817 x.

578 2850 694 2906 Kal.
712 2852 835 2921 Apr.
860 2848 1123 2904 Christum
1148 2849 1289 2903 cruci
1310 2847 1551 2902 affixum.
1598 2846 1703 2902 Sed
1725 2863 1818 2918 pro
1845 2866 1894 2902 x.
1912 2847 2028 2907 Kal.
2053 2848 2270 2919 quidam
2292 2848 2495 2902 codices
2521 2866 2613 2902 vu.
2636 2847 2848 2904 habent.

712 2936 907 2991 Paulus
929 2952 1053 2990 vero
1078 2934 1476 3004 Forosempron.
1500 2938 1622 2987 ante
1646 2933 1784 2987 diem
1808 2933 2062 2988 decimam
2084 2933 2436 2989 Kalendarum
2458 2933 2597 2989 idem
2629 2949 2745 2987 esse
2768 2938 2919 3004 putat

582 3022 720 3093 quod
743 3038 815 3077 xx.
837 3021 970 3087 Kal„
993 3026 1046 3075 et
1066 3019 1217 3074 Pauli
1233 3020 1517 3073 Iuriscona.
1542 3019 1716 3072 verbis
1741 3020 1918 3085 utitur,
1943 3020 2033 3091 qui
2055 3020 2154 3075 ait:
2180 3021 2317 3072 Ante
2339 3022 2472 3073 diem
2491 3037 2541 3073 x.
2556 3018 2917 3073 Kalendarum·

583 3118 632 3161 et
647 3117 765 3178 post
785 3109 915 3160 diem
946 3125 999 3161 x.
1022 3106 1150 3159 Kal.
1174 3123 1332 3175 aeque
1353 3114 1560 3173 ueroque
1581 3122 1807 3159 sermone
1835 3123 1907 3161 xx.
1933 3108 2043 3159 ἀίω
2061 3107 2370 3174 stqm'fiom-i.
2442 3105 2636 3159 Verum
2667 3104 2918 3159 mendosa

580 3193 734 3251 lectio
756 3191 974 3246 Paulum
998 3190 1577 3260 Forosemproniensem
1601 3190 1658 3242 in
1681 3205 1909 3244 errorem
1932 3190 2152 3245 induxit.
2198 3190 2335 3245 Nam
2363 3192 2454 3246 lib.
2482 3206 2685 3247 cxxxrr.
2714 3192 2759 3257 ξ.
2784 3190 2830 3244 1.
2852 3189 2915 3244 de

581 3278 733 3333 Verb.
755 3277 947 3347 Signis.
968 3276 1372 3331 Iurisconsultus
1394 3275 1472 3328 ita
1491 3275 1819 3343 pronunciat.
1853 3276 1924 3331 Α.
1942 3278 1991 3330 d.
2011 3294 2060 3330 x.
2081 3277 2206 3330 Kal.
2224 3286 2345 3346 post
2365 3279 2496 3331 dien
2519 3294 2571 3331 x.
2587 3276 2717 3331 Kal.
2741 3286 2916 3331 aem-e

581 3380 806 3417 sermone
828 3380 902 3416 ιι.
920 3363 1030 3414 dies
1050 3363 1422 3429 siqnificantur.
1492 3358 1643 3412 Certe
1679 3375 1727 3413 a.
1752 3360 1801 3413 d.
1837 3379 1887 3415 x.
1911 3360 2028 3415 Kal.
2058 3361 2196 3415 idem
2221 3368 2301 3416 est
2322 3362 2464 3432 quod
2486 3380 2538 3417 x.
2558 3361 2701 3427 Kal..
2738 3377 2916 3431 quem-

583 3446 865 3503 admodum
897 3453 1017 3500 ante
1049 3445 1167 3501 KaL
1201 3444 1471 3516 proximas
1504 3445 1640 3499 idem
1674 3454 1755 3499 est
1784 3445 1924 3515 quod
1951 3446 2066 3501 Kal.
2099 3448 2353 3518 proximis
2381 3447 2472 3501 lib.
2499 3446 2585 3501 56.
2620 3450 2667 3514 §-
2705 3446 2809 3509 Qui
2835 3452 2916 3501 ita

581 3535 872 3605 stipulatur.
905 3532 967 3586 D.
993 3532 1056 3586 de
1078 3532 1232 3586 Verb.
1253 3531 1368 3585 Obl.
1402 3530 1725 3586 Subauditur
1747 3533 1887 3587 enim
1909 3532 2101 3603 aliquid
2115 3573 2129 3598 ,
2153 3538 2213 3586 ut
2233 3534 2304 3587 sit
2324 3533 2531 3603 integra
2551 3532 2772 3587 locutio:
2799 3543 2916 3587 ante

586 3623 719 3675 diets
743 3620 1037 3674 absolutum.
1073 3619 1205 3673 Hinc
1227 3623 1310 3672 est
1332 3618 1470 3689 quod
1491 3617 1794 3673 Gallicanae
1817 3619 2065 3673 ecclesiae
2087 3619 2480 3675 resurrectionis
2501 3617 2693 3675 festum
2713 3619 2770 3673 in
2793 3637 2913 3675 xxv.

582 3707 761 3763 Martii
782 3705 1080 3767 defixerint,
1116 3709 1176 3759 ut
1209 3710 1361 3758 autor
1395 3710 1477 3758 est
1508 3703 1675 3768 Beda3
1713 3705 1804 3775 qui
1826 3710 1880 3758 et
1911 3705 2022 3775 ipse
2055 3704 2147 3759 lib.
2172 3704 2236 3759 de
2258 3704 2439 3775 Temp.
2457 3704 2581 3759 Μ.
2615 3720 2728 3775 cap.
2753 3722 2913 3761 axvu.

584 3792 782 3849 decimo
803 3791 919 3847 Kal.
944 3806 1161 3861 passum
1184 3791 1454 3845 existimat
1477 3789 1766 3855 Christum;
1798 3791 1897 3844 etsi
1920 3805 2032 3860 cap.
2050 3808 2215 3844 xum.
2246 3790 2300 3845 id
2331 3807 2445 3844 vm.
2468 3790 2584 3845 Kal.
2614 3790 2812 3845 factam
2834 3806 2915 3845 as-

584 3884 802 3935 severet.
871 3876 1027 3933 Plura
1049 3876 1187 3947 apud
1209 3874 1492 3932 Deken'am
1512 3877 1677 3931 videri
1696 3883 1933 3947 possunt.
2004 3874 2204 3940 Quibus
2228 3876 2542 3930 testimoniis
2565 3875 2806 3941 efficitur,
2831 3877 2916 3931 Iu·

582 3967 725 4021 liano
748 3981 927 4019 nxxvr.
960 3978 1182 4033 passum
1212 3978 1327 4016 esse
1363 3961 1659 4027 dominum,
1690 3961 1867 4015 Martii
1890 3979 2043 4016 xxm.
2109 3962 2280 4031 Atque
2302 3960 2434 4015 haec
2453 3961 2664 4031 insuper
2685 3960 2916 4019 anicani

586 4048 929 4106 vetustissimi
949 4047 1183 4118 theolog-i
1204 4048 1462 4101 sententia
1482 4046 1608 4111 fuit,
1643 4048 1733 4116 qui
1763 4063 1981 4117 passum
2001 4048 2169 4101 voluit
2190 4046 2454 4101 Christum
2485 4061 2626 4103 anno
2650 4064 2683 4101 ι.
2709 4046 2912 4119 olymp.

586 4152 739 4201 coin,
764 4141 825 4190 ut
843 4134 1002 4189 refert
1016 4134 1289 4189 Eusebius.
1325 4132 1422 4187 Cui
1445 4138 1500 4187 et
1519 4133 1698 4186 Patres
1720 4132 1798 4185 illi
1820 4131 2094 4202 suffragati
2116 4136 2264 4197 sunt,
2289 4132 2379 4202 qui
2400 4148 2551 4187 xvm.
2563 4132 2758 4187 Tiberii
2777 4148 2914 4188 anno

587 4223 869 4292 contigisse
890 4225 1119 4275 narrant.
1188 4219 1323 4273 Nam
1346 4218 1539 4272 Tiberii
1570 4234 1738 4272 annos
1766 4217 1977 4272 Iudaico
2002 4218 2083 4270 vel
2118 4217 2472 4271 eeclesiastico
2507 4234 2650 4272 more
2680 4219 2752 4272 ab
2773 4224 2914 4273 ante·

586 4307 801 4361 cedente
822 4306 986 4360 Nisan
1008 4309 1300 4360 numerant.
1367 4303 1526 4373 Atqui
1558 4320 1697 4358 anno
1725 4304 1929 4358 Iuliano
1952 4320 2129 4359 nxxvr.
2161 4302 2428 4357 desinente
2460 4303 2660 4359 decimo
2694 4305 2913 4375 septimo

586 4393 779 4447 Tiberii
802 4409 951 4449 xvm.
975 4391 1108 4446 iniit.
1163 4389 1301 4455 Quin
1335 4389 1494 4445 etiam
1517 4390 1833 4460 Apollinaris
1856 4388 2179 4443 Laodicenus
2211 4388 2352 4458 apud
2369 4388 2749 4459 Hieronymum
2773 4405 2914 4447 com—

586 4483 748 4533 ment.
774 4477 839 4531 ad
862 4494 974 4547 cap.
994 4494 1069 4532 rx.
1091 4476 1226 4533 Dan.
1252 4493 1370 4533 cum
1400 4480 1522 4546 post
1550 4491 1749 4529 annum
1782 4474 2043 4544 passionis
2074 4473 2364 4529 dominicae
2393 4491 2493 4529 sex
2524 4474 2720 4529 Tiberii
2749 4491 2914 4531 annos

588 4568 881 4628 enumerat,
914 4563 1125 4617 omnino
1158 4579 1372 4632 passum
1396 4561 1672 4615 arbitratur
1694 4566 1919 4613 exeunte
1943 4577 2070 4613 xvu.
2115 4559 2381 4615 Accedunt
2402 4566 2456 4614 et
2477 4566 2738 4617 certorum
2760 4563 2915 4617 inter·

588 4650 727 4704 valla
744 4653 1033 4721 temporum
1047 4686 1061 4714 ,
1086 4664 1220 4719 quae
1237 4664 1270 4701 a
1284 4647 1527 4721 passione
1547 4651 1927 4717 computantur.
1963 4644 2032 4699 Ut
2047 4661 2169 4699 cum
2185 4646 2404 4700 Iacobus
2420 4647 2592 4700 minor
2608 4663 2735 4703 xxx.
2747 4663 2913 4702 annos
