3185 5219
2427 388 2616 448 XXIX

287 543 599 614 praescripta
617 543 803 598 fuisse.
846 542 965 599 Non
986 542 1188 598 inficior
1210 542 1348 597 idem
1371 548 1423 597 et
1443 542 1704 615 plerisque
1725 541 1821 597 PP.
1843 542 2029 610 videri,
2062 549 2114 598 et
2135 544 2392 616 imprimis
2414 545 2614 600 Iustino

285 630 337 683 in
368 629 592 699 Dialogo
634 646 759 684 cum
797 629 1099 700 Tryphone,
1142 630 1206 683 de
1237 630 1504 701 gestandis
1543 630 1924 700 alligandisque
1962 630 2271 686 frontalibus
2311 631 2616 686 mandatum

285 714 487 769 ludaeis
509 715 725 770 editum.
774 715 879 770 Sed
902 732 968 769 ex
990 715 1124 787 legis
1146 714 1246 770 hoc
1268 716 1441 770 verbis
1463 720 1638 787 aperte
1657 716 1832 786 colligi
1847 732 2017 786 posse,
2043 718 2182 786 quod
2197 723 2346 788 putat
2363 717 2615 788 Scaliger,

284 799 380 854 hoc
402 818 526 855 vero
548 818 799 873 pernego.
845 801 914 855 Et
932 803 1098 856 multo
1130 800 1260 855 mihi
1287 802 1605 873 probabilior
1625 802 1929 871 Hieronymi
1957 803 2216 856 sententia
2235 803 2462 868 videtur,
2495 820 2615 856 cum

285 888 648 958 antiquissima
659 888 968 943 ludaeorum
992 887 1311 942 consuetudo
1336 905 1440 941 non
1463 889 1634 942 maius
1652 886 1750 942 hac
1773 887 1828 942 in
1850 894 1996 959 parte
2017 888 2392 959 praeiudicium
2415 888 2615 954 afferat,

286 988 443 1043 quam
466 975 706 1028 sexcenti
739 975 830 1028 alii
848 974 980 1027 ritus
1005 990 1067 1027 ac
1092 973 1396 1042 δευτερώσεις
1429 974 1840 1045 nugacissimas,
1883 990 2014 1044 quos
2035 974 2143 1028 iam
2173 980 2287 1028 tum
2312 973 2503 1028 Christi
2526 975 2616 1028 do·

288 1059 419 1112 mini
446 1065 685 1131 tempore
717 1076 787 1114 ex
821 1060 955 1130 legis
994 1060 1166 1114 verbis
1198 1076 1307 1113 non
1335 1060 1514 1113 minus
1546 1060 1732 1114 stolide
1768 1075 1928 1131 quam
1959 1060 2292 1131 pertinaciter
2323 1061 2613 1116 eliciebant.

283 1143 361 1197 De
382 1145 606 1199 fimbriis
640 1146 790 1200 aliter
823 1145 1170 1200 sentiendum.
1216 1145 1421 1199 Etenim
1444 1145 1600 1200 Num.
1623 1165 1721 1212 xv,
1760 1145 1845 1201 33.
1872 1146 2135 1217 conceptis
2167 1146 2342 1199 verbis
2372 1147 2615 1203 iubentur

274 1231 512 1299 fimbrias
529 1250 627 1302 per
641 1234 925 1302 palliorum
948 1234 1160 1301 anqulos
1181 1231 1394 1296 habere,
1424 1231 1714 1302 iisdemque
1747 1236 1904 1286 vinae
1926 1232 2289 1301 hyacinthinae
2311 1232 2612 1302 adiungere.

283 1315 543 1371 anbrias
564 1318 817 1372 nosram
837 1318 1013 1373 nom
1046 1321 1282 1383 naz-2,
1306 1335 1412 1371 m
1436 1315 1706 1388 κράσπεδα.
1771 1317 1941 1373 vittas
1972 1322 2146 1372 autem
2167 1317 2256 1371 1110
2286 1289 2492 1390 bane,
2529 1318 2617 1372 isti

287 1401 503 1472 κλῶσμα
533 1409 738 1458 vocant.
798 1403 875 1459 De
906 1404 1097 1475 quibus
1118 1420 1226 1458 non
1265 1404 1436 1460 solum
1458 1403 1709 1470 Hebraei,
1740 1404 1832 1458 sed
1865 1409 1918 1459 et
1938 1408 2196 1458 nostrates
2219 1403 2386 1457 critici
2408 1403 2617 1473 copiose

286 1487 563 1543 disseram.

421 1574 658 1628 Τουτίστι
689 1574 880 1629 πλατέα
912 1575 1110 1646 σήματα
1141 1576 1438 1647 πορφύρας.]
1499 1576 1639 1631 Mira
1669 1576 1913 1630 vocabuli
1942 1575 2099 1630 huius
2129 1577 2230 1628 τῶν
2247 1600 2258 1609 »
2277 1574 2618 1646 φυλακτηρίων

288 1660 670 1732 interpretatio,
706 1662 882 1716 clavos
914 1678 1030 1716 esse
1069 1678 1357 1733 purpureos
1386 1662 1522 1715 latos
1547 1664 1639 1735 qui
1672 1663 1890 1717 colobiis
1923 1668 1978 1715 et
1999 1661 2325 1733 epomidibus
2353 1662 2619 1715 insueren-

289 1751 385 1812 tur,
408 1746 476 1800 ad
499 1746 725 1802 eundem
742 1748 960 1804 modum
983 1764 1087 1819 quo
1097 1748 1323 1802 Romani
1344 1754 1612 1803 senatores
1637 1750 1718 1802 sui
1741 1748 1935 1804 ordinis
1956 1748 2165 1819 insigne
2180 1748 2473 1818 gestabant.
2508 1747 2619 1801 Hoc

287 1848 433 1897 vero,
479 1834 726 1904 inquam,
767 1834 1129 1888 admirandum
1150 1835 1322 1905 potius
1354 1850 1513 1906 quam
1536 1839 1629 1887 aut
1651 1835 1764 1888 sine
1789 1835 1891 1888 alio
1913 1833 2102 1889 idoneo
2125 1838 2308 1887 autore
2329 1834 2485 1887 nimis
2507 1848 2620 1886 am·

287 1919 643 1990 plectendum,
693 1924 787 1974 aut
825 1921 994 1974 acrius
1034 1919 1514 1992 reprehendendum
1555 1919 1696 1991 quod
1734 1921 1790 1974 in
1833 1917 2062 1975 Elencho
2104 1919 2340 1989 Scaliger
2376 1920 2619 1973 instituit.

288 2006 442 2076 Atqui
480 2012 661 2059 utrum
692 2005 999 2060 dalmaticas
1028 2006 1160 2061 istas
1201 2012 1255 2060 et
1287 2006 1587 2062 colobionas
1622 2006 1854 2060 clevatos
1883 2004 2153 2060 Pharisaei
2192 2006 2317 2059 olim
2347 2006 2620 2075 gesserint,

289 2106 451 2162 eaque
474 2090 797 2162 phylacteria
817 2092 1049 2163 plerique
1071 2092 1478 2159 nominaverint,
1502 2109 1691 2158 necne,
1715 2092 1921 2146 aliunde
1945 2098 2180 2146 constare
2201 2107 2308 2145 non
2330 2096 2529 2162 potest,
2568 2095 2624 2145 et

287 2193 353 2230 ex
374 2176 655 2232 reconditis
673 2177 983 2233 ludaeorum
1004 2178 1151 2232 libris
1176 2194 1236 2231 ac
1258 2178 1444 2232 ritibus
1466 2180 1638 2233 multa
1657 2176 1980 2250 Epiphanius
2003 2178 2176 2249 potuit
2197 2177 2462 2231 addiscere
2487 2193 2620 2248 quae

289 2261 385 2318 hoc
406 2263 620 2317 saeculo
654 2268 709 2317 et
738 2261 1002 2318 hodiernis
1032 2264 1238 2318 Iudaeis
1268 2265 1454 2334 ignota
1483 2270 1622 2318 sunt.
1683 2264 1810 2318 Esto
1832 2264 2016 2335 igitur,
2057 2265 2230 2317 elavos
2265 2264 2424 2318 etiam
2445 2263 2622 2317 istius-

285 2349 426 2404 modi
450 2348 759 2419 φυλοατήρια
779 2351 1216 2421 nuncupaverint,
1238 2351 1397 2421 vulgo
1421 2356 1600 2405 tamen
1625 2348 1930 2421 φυλακτήρια
1951 2351 2057 2416 illa,
2083 2366 2303 2421 quorum
2325 2347 2621 2404 Matthaeus

286 2436 548 2501 meminit,
584 2452 705 2490 cum
726 2434 1043 2507 Hieronymo
1072 2436 1344 2509 pittaciola
1374 2442 1430 2491 et
1456 2437 1857 2491 membranacea
1891 2436 2140 2491 frontalia
2175 2436 2363 2490 eruditi
2383 2435 2621 2492 homines

285 2521 705 2593 interpretantur.

419 2601 678 2669 Ῥοΐσκους
706 2606 801 2680 γάρ
824 2625 954 2670 τινας
978 2604 1055 2661 int
1079 2608 1142 2661 τὰ
1163 2608 1419 2681 τέσσαρα]
1467 2606 1704 2664 Ridicule
1727 2608 1962 2680 Scaliger
1981 2615 2044 2664 ut
2063 2607 2412 2681 Epiphaniam
2433 2608 2622 2666 erroris

287 2698 497 2764 arguat,
530 2694 594 2747 Si
624 2697 767 2748 mala
795 2699 1014 2766 punica,
1058 2696 1256 2765 inquit,
1288 2713 1387 2748 non
1416 2699 1578 2764 ἐρίων
1613 2693 1880 2766 κράσπεδα.
1927 2695 2089 2760 Quasi
2119 2712 2226 2748 non
2249 2695 2408 2749 etiam
2432 2690 2622 2765 ῥοΐσκοι

290 2784 387 2843 τοῖς
412 2779 707 2853 κρασπέδοις
731 2780 937 2851 alligari
958 2781 1248 2852 potuerint3
1271 2786 1405 2834 utet
1426 2782 1605 2852 spinas
1629 2779 1950 2850 adhibuisse,
1976 2795 2080 2851 quo
2105 2797 2339 2835 cruorem
2361 2781 2620 2847 elicerent,

288 2871 505 2921 metatur
525 2866 891 2937 Hieronymus.
937 2866 1044 2920 Nec
1069 2867 1247 2921 obstat
1278 2866 1418 2937 quod
1451 2860 1678 2937 ῥοΐσκους
1710 2882 1948 2920 summus
1972 2865 2215 2920 sacerdos
2237 2865 2287 2917 ἐν
2310 2865 2620 2936 ἀρχιερατικῇ

289 2952 441 3024 στολῇ
460 2953 763 3023 gestaverit.
785 2951 920 3005 Nam
931 2951 1163 3007 diversos
1176 2952 1358 3006 abillis
1376 2967 1496 3006 cum
1517 2968 1753 3019 numero,
1769 2952 2124 3024 tum‘materia
2141 2951 2360 3023 aliisque
2380 2952 2433 3004 id
2452 2967 2620 3020 genus

286 3037 578 3104 Pharisaei,
604 3053 724 3104 cum
746 3038 802 3092 in
826 3043 969 3092 casto
993 3044 1193 3104 essent,
1226 3053 1475 3109 usurpare
1495 3043 1753 3109 poterant.
1799 3037 1887 3092 Sic
1911 3037 2340 3109 paludamentum
2374 3053 2494 3091 cum
2516 3037 2621 3090 Ro·

287 3140 565 3179 manorum
587 3124 752 3195 Impp.
776 3124 1044 3196 proprium
1066 3124 1247 3190 fuerit,
1273 3125 1430 3177 etiam
1452 3123 1707 3178 militibus
1729 3123 2040 3180 attribuitur.
2087 3125 2257 3195 Atque
2279 3129 2340 3178 ut
2361 3139 2393 3177 a
2413 3122 2621 3177 Iudaeis

291 3226 395 3265 non
419 3209 684 3275 recedam,
709 3211 826 3281 quis
849 3211 1016 3265 nescit
1034 3210 1170 3264 inter
1192 3210 1386 3264 summi
1409 3210 1693 3264 sacerdotis
1715 3217 1886 3264 vestes
1910 3209 2103 3281 ephod,
2137 3210 2246 3264 sive
2269 3208 2356 3276 τὴν
2378 3207 2621 3280 ἐπωμίδα,

290 3312 349 3350 ac
373 3295 801 3368 superhumerale
821 3295 1021 3350 fuisse?
1043 3295 1111 3349 Et
1131 3301 1308 3349 tamen
1331 3313 1439 3351 non
1460 3297 1619 3351 modo
1642 3296 1938 3352 sacerdotes
1962 3313 2025 3350 ac
2046 3296 2257 3350 Levitae
2281 3297 2494 3362 caeteri,
2530 3295 2621 3349 sed

293 3383 449 3437 eiiam
470 3383 595 3436 laici
614 3380 796 3453 Ephod
827 3382 1140 3447 induebant,
1171 3382 1248 3435 uti
1268 3381 1437 3435 David
1458 3383 1547 3436 lib.
1574 3399 1631 3438 n.
1656 3383 1786 3453 Reg.
1809 3398 1923 3455 cap.
1948 3399 2028 3449 vr,
2057 3383 2134 3437 14.
2181 3381 2285 3436 Sed
2317 3381 2417 3435 hoe
2443 3382 2624 3435 videli-

292 3475 374 3522 cet
392 3469 593 3523 lineum
616 3473 751 3534 erat,
791 3468 1013 3522 alterum
1032 3466 1161 3522 illud
1182 3467 1489 3539 pontificum
1510 3469 1778 3539 proprium
1801 3474 2027 3539 quatuor
2046 3485 2111 3523 ex
2134 3468 2395 3522 coloribus
2420 3473 2623 3522 consta·

292 3555 397 3620 bat,
419 3552 720 3625 hyacintho,
744 3555 922 3623 bysso,
946 3569 1118 3619 cocco,
1142 3569 1395 3625 purpura3
1414 3555 1511 3608 sed
1533 3560 1587 3608 et
1609 3570 1736 3608 auro
1760 3560 2065 3609 contextum
2089 3560 2215 3607 erat.
2265 3553 2392 3608 Vide
2412 3554 2621 3609 Hieron.

293 3639 455 3711 Epist.
491 3639 558 3692 ad
587 3638 875 3695 Fabiolam.
922 3639 1091 3695 Nimis
1122 3640 1284 3710 igitur
1314 3640 1513 3695 insulse
1553 3640 1801 3695 adversus
1821 3639 2174 3711 Epiphanium
2203 3645 2444 3694 nostrum
2469 3655 2622 3711 argu-

291 3730 554 3780 mentatur
576 3724 828 3796 Scaliger.

425 3810 639 3881 Δευτέρα
661 3809 715 3864 ei
738 3809 802 3871 εἰς
826 3811 911 3863 τὸν
945 3808 1243 3864 διδάσκαλον
1276 3810 1480 3880 adraim]
1531 3811 1726 3878 Eadem
1758 3811 2094 3883 δευτερώσεων
2126 3826 2322 3883 genera
2352 3816 2623 3883 percenset

292 3896 493 3952 haeresi
514 3914 712 3962 mm,
754 3913 900 3952 n.rx.
960 3895 1075 3961 Quo
1107 3914 1175 3951 ex
1206 3898 1323 3951 loco
1355 3895 1531 3966 Ῥαββὶ
1566 3895 1765 3967 Ἀκιβᾶν
1797 3913 1894 3968 pro
1919 3898 2194 3970 Βαρακιβᾶν
2225 3898 2504 3968 legendum
2537 3897 2621 3950 hic

293 3983 647 4038 admonemur.
694 3982 792 4037 Hic
815 3987 895 4035 est
915 3983 1005 4036 ille
1026 3983 1132 4036 nisi
1150 3982 1305 4037 fallor
1328 3983 1387 4036 R..
1412 3979 1582 4036 Akiba
1605 3982 1669 4037 de
1693 4000 1795 4054 quo
1828 3985 1885 4038 in
1907 3984 2217 4038 Iudaeorum
2238 3983 2546 4037 Kalendario
2569 4001 2619 4048 v,

292 4064 373 4124 die
394 4069 532 4124 Tisri
554 4067 683 4124 haec
713 4067 976 4141 adscripta
1004 4073 1150 4123 sunt:
1192 4069 1257 4124 R.
1283 4069 1461 4121 Akiba
1483 4071 1631 4139 filius
1653 4070 1838 4141 Ioseph
1871 4075 2142 4125 coniicitur
2173 4075 2231 4122 in
2262 4071 2494 4134 vincula,
2533 4070 2625 4123 ebt·

290 4160 516 4210 noritur.

830 4293 924 4348 An
956 4267 1297 4351 mansus
1330 4291 1495 4348 xvn.
1529 4292 2077 4350 PHARISAEORUM.

425 4413 649 4481 Συνῆσαν
673 4413 768 4484 γὰρ
794 4412 958 4474 αὗτοῖς
983 4414 1063 4466 καὶ
1088 4412 1133 4466 οἳ
1155 4411 1401 4484 Νομικοί.]
1436 4412 1778 4485 DeScaligeri
1794 4412 2197 4467 hallucinatione
2215 4413 2623 4483 supravidimu8‚

295 4501 381 4570 qui
402 4500 637 4570 νομικοὺς
662 4504 930 4553 actuarios
951 4516 1066 4554 esse
1089 4515 1150 4553 ac
1161 4501 1501 4570 fomularios
1523 4500 1752 4553 credidit.
1800 4499 2078 4552 Proximus
2096 4497 2216 4552 huic
2234 4515 2375 4553 error
2393 4501 2620 4570 estquod

292 4591 621 4655 praesentem
653 4584 932 4656 Epiphanii
960 4587 1134 4640 locum
1173 4587 1249 4639 sic
1270 4585 1638 4656 interpretatus
1670 4590 1775 4649 est,
1816 4590 1877 4638 ut
1915 4584 1972 4636 r'o
2015 4583 2181 4644 αὐτοῖς
2222 4585 2288 4638 ad
2317 4584 2622 4640 Pharisaeos

292 4672 530 4740 referret,
571 4671 886 4744 quibuscum
913 4673 1258 4728 versabantur
1290 4669 1335 4724 ol
1375 4670 1582 4743 νομικοί.
1629 4670 1980 4742 Epiphanius,
2037 4669 2231 4741 inquit,
2289 4682 2466 4742 aperte
2506 4672 2620 4732 τοὺς
