3185 5219
2319 360 2569 421 LXXVII

230 490 681 573 'umectat-1.
724 515 969 573 Decimae
1008 522 1224 587 quma
1260 515 1530 587 paschales
1569 531 1605 569 a
1633 533 1784 571 mu.
1811 516 1990 571 unffi
2027 516 2110 571 «ne
2141 522 2359 591 ωορκ,
2391 520 2460 574 ια
2483 538 2567 575 n.

257 603 439 674 Aprilis
469 603 752 674 perductae
784 608 931 668 sunt,
961 602 1147 656 diebus
1175 601 1418 668 totidem,
1451 601 1550 656 hoc
1583 606 1665 655 est
1687 620 1832 656 xxrx.
1893 602 2193 658 Dominicae
2225 606 2444 677 denique
2477 622 2568 677 pa-

258 687 449 743 schales
472 705 508 742 a
528 708 640 745 ιιι.
663 688 841 744 Hartii
873 689 936 742 ad
960 706 1102 742 xxxv.
1124 687 1343 759 Aprilis,
1379 687 1559 743 diebus
1583 706 1740 742 xxxv.
1763 687 2114 745 decurrerunt.
2159 691 2329 763 Atque
2351 691 2452 746 hoo
2467 693 2569 747 im-

256 774 427 844 primis
448 773 624 828 Latini
645 775 923 839 cavebant,
956 790 1021 827 ne
1051 779 1172 827 ante
1203 773 1384 827 lunam
1408 791 1540 839 xva,
1562 773 1781 844 pascha,
1813 780 1934 827 ante
1955 793 2061 831 xw.
2085 778 2384 845 passionem
2406 778 2569 831 domi·
2685 768 2692 775 ’

256 860 420 913 nicam
442 859 745 913 indicerent.
781 859 950 924 Quare
973 860 1019 913 si
1038 878 1145 914 xiv.
1164 860 1292 912 luna
1312 860 1368 912 in
1386 859 1666 913 sabbatum
1684 860 1913 927 caderet,
1937 877 2043 914 non
2060 862 2307 930 postridie
2324 863 2450 916 luna
2465 881 2568 928 xv„

256 945 340 997 sed
360 952 545 1000 octavo
566 951 685 1016 post
708 945 793 999 die
814 946 940 1000 luna
961 963 1093 1000 ιιιι.
1118 945 1467 1000 celebrabant.
1507 944 1652 1009 Quae
1675 947 1853 999 omnia
1874 962 1944 999 ex
1965 946 2181 1000 Victorii
2201 946 2424 1018 Prologo
2447 964 2569 1002 con-

256 1036 411 1096 stant,
448 1033 595 1085 cnius
628 1031 926 1102 fragmenta
959 1031 1097 1101 apud
1128 1029 1327 1084 Bedam
1362 1035 1571 1086 exstant
1602 1031 1698 1101 lib(
1719 1031 1782 1084 de
1807 1032 1989 1102 Temp.
2011 1031 2128 1085 Rat.
2159 1048 2272 1103 cap.
2295 1050 2439 1087 xnrx.
2487 1034 2568 1087 In-

255 1121 454 1186 tegrum
476 1123 656 1171 autem
678 1134 799 1171 cuni
822 1116 1052 1170 eiusdem
1070 1116 1240 1169 Fastis
1258 1115 1416 1169 habet
1434 1118 1819 1188 manuscriptus
1843 1117 2008 1171 codex
2034 1118 2124 1187 qui
2146 1124 2227 1171 est
2248 1134 2407 1188 penes
2430 1119 2490 1172 R.
2510 1119 2565 1174 P.

256 1200 599 1257 sirmondum.
647 1203 752 1257 Sed
785 1211 862 1256 est
896 1204 1000 1256 alia
1027 1208 1296 1272 praeterea
1327 1202 1499 1255 cautio
1513 1241 1528 1267 ,
1563 1203 1711 1256 cuius
1744 1203 1988 1256 admonet
2007 1204 2266 1257 Victorius
2288 1204 2572 1269 (Victorius

254 1289 414 1353 enim,
449 1305 557 1342 non
593 1281 903 1353 Victorinus,
935 1289 991 1341 in
1012 1289 1372 1341 vetustissimo⁴
1398 1288 1487 1341 illo
1512 1288 1688 1341 codice
1711 1289 2023 1354 nominatur,
2057 1289 2491 1358 quemadmodum
2519 1296 2573 1342 et

255 1373 383 1443 apud
404 1373 647 1444 Bedam).
682 1373 940 1427 Nimirum
963 1374 1165 1442 quoties
1190 1375 1338 1442 cyclo
1361 1391 1469 1429 ιιι.
1492 1373 1724 1427 Nicaeno
1744 1375 1871 1427 luna
1892 1373 2093 1427 decima
2115 1382 2300 1445 quarta
2319 1376 2375 1429 in
2395 1375 2572 1428 Martii

252 1474 393 1513 xvm.
426 1459 638 1525 incidit,
670 1460 802 1513 feria
825 1479 919 1528 vn,
952 1459 1095 1529 quod
1126 1459 1313 1512 accidit
1341 1459 1397 1512 in
1432 1474 1569 1513 anno
1602 1477 1708 1513 non
1741 1459 1994 1523 bisextili‚
2027 1460 2234 1529 quando
2259 1461 2383 1514 luna
2405 1478 2568 1514 xxm.

252 1544 466 1598 sabbato
487 1545 545 1598 in
566 1544 784 1601 Kalend.
807 1545 918 1599 Ian.
938 1545 1178 1610 incurrit,
1210 1551 1270 1597 ut
1290 1545 1550 1599 Victorius
1585 1546 1844 1598 observat.
1890 1544 2025 1598 Tum
2057 1546 2199 1599 enim
2229 1545 2424 1617 pascha
2445 1563 2568 1611 non,

252 1634 307 1681 ut
323 1631 627 1700 postulabat
644 1630 946 1697 methodus,
976 1631 1154 1685 Martii
1175 1630 1448 1695 vicesimo,
1480 1630 1608 1684 luna
1628 1648 1738 1686 xvr.
1764 1631 2107 1696 celebratum,
2139 1631 2231 1684 sed
2262 1633 2319 1687 in
2348 1646 2567 1702 sequen·

253 1718 355 1767 tem
381 1732 624 1771 mensem
655 1716 897 1781 dilatum;
930 1717 1078 1771 cuius
1108 1717 1385 1770 neomenia
1417 1717 1472 1769 in
1492 1716 1687 1786 Aprilis
1723 1734 1800 1772 ιιι.
1833 1718 2107 1788 competit3
2138 1716 2332 1788 pucha
2360 1733 2483 1771 vero
2513 1717 2569 1770 in

252 1817 413 1867 xxm,
446 1802 580 1856 luna
610 1820 774 1868 ιιιι.,
804 1818 940 1873 quae
968 1802 1438 1856 Alexandrinorum
1470 1807 1583 1854 erat
1613 1819 1721 1855 xxi.
1789 1801 1923 1855 Nam
1966 1818 2155 1856 aureus
2193 1818 2442 1857 numerus
2481 1801 2569 1856 Ni-

252 1902 434 1941 caenus
453 1904 566 1942 ιιι.
600 1894 783 1959 quarto
817 1887 941 1958 Apr.
964 1887 1156 1941 affixus
1178 1888 1305 1951 fuit3
1336 1885 1640 1943 Latinorum
1663 1904 1784 1941 vero
1818 1905 1925 1943 xvr.
1959 1888 2008 1941 ei
2039 1888 2356 1959 respondens
2377 1888 2570 1958 Aprilis

252 1973 411 2026 tertio.
444 1973 592 2027 Haec
614 1975 730 2028 sola
746 1972 1066 2027 diffundendi
1082 1972 1345 2044 paschatis
1362 1977 1417 2025 et
1437 1973 1493 2026 in
1514 1973 1802 2026 secundum
1825 1989 2058 2027 mensem
2075 1974 2363 2028 traiiciendi
2384 1990 2572 2029 caussa

253 2066 683 2113 commemoratur
705 2076 739 2113 a
753 2059 1009 2124 victorio,
1034 2058 1242 2130 quando
1265 2058 1467 2114 decima
1489 2063 1676 2128 quarta
1697 2059 1953 2128 contingit
1972 2060 2151 2113 Martii
2165 2076 2332 2125 xvm„
2353 2059 2485 2113 feria
2501 2078 2572 2113 vr.

253 2141 379 2197 Cum
399 2150 583 2199 autem
606 2144 835 2199 Nicaeno
858 2146 1006 2214 cyclo
1023 2162 1154 2210 vm,
1176 2144 1481 2198 Latinorum
1503 2162 1570 2209 v.‚
1596 2144 1795 2197 decima
1818 2151 2002 2215 quarta
2022 2146 2078 2199 in
2101 2145 2240 2198 diem
2259 2146 2437 2199 Martii
2457 2162 2567 2200 ιιι.

252 2230 478 2296 caderet,
514 2231 647 2285 feria
666 2248 763 2297 vn,
795 2230 1056 2285 dominica
1086 2247 1209 2285 vero
1231 2230 1409 2284 Martii
1429 2247 1565 2295 xxr.‚
1597 2231 1713 2301 ipso
1746 2230 1911 2284 civilis
1933 2231 2251 2301 aequinoctii
2270 2230 2354 2285 die
2375 2229 2572 2301 pascha

252 2332 398 2369 suum
420 2316 599 2372 Latini
619 2316 885 2388 peregisse
906 2316 1159 2371 videntur.
1204 2315 1339 2369 Nam
1360 2317 1583 2386 legitimi
1605 2317 1801 2370 mensis
1823 2316 2022 2371 nullam
2052 2321 2168 2371 tum
2189 2313 2569 2387 ἂντῳταβολὴν

250 2400 437 2456 factam
456 2402 661 2456 indicat
674 2402 952 2457 Victorius.
990 2402 1201 2473 Alioqui
1220 2402 1269 2457 si
1289 2402 1346 2455 in
1362 2402 1596 2474 Aprilem
1610 2402 1881 2456 reiicerent
1892 2442 1906 2469 ,
1930 2419 2048 2456 cum
2070 2403 2250 2472 cyclus
2266 2402 2571 2457 Latinorum

252 2504 296 2540 v.
317 2488 515 2559 Aprilis
537 2493 721 2559 quarto
744 2490 816 2542 sit
836 2488 1125 2558 adscriptus
1139 2527 1154 2553 ,
1186 2487 1387 2541 decima
1415 2493 1604 2559 quarta
1624 2494 1949 2542 concurreret
1979 2498 2103 2543 cum
2121 2488 2323 2542 decimo
2345 2489 2569 2559 septimo

252 2571 355 2640 die,
376 2573 513 2628 feria
534 2592 627 2630 m.
666 2574 789 2629 Ideo
812 2574 1230 2629 transfenndum
1249 2573 1385 2628 foret
1404 2573 1601 2645 pascha
1621 2574 1678 2638 in
1698 2575 1875 2632 lunam
1897 2592 2052 2640 ιιιι.,
2074 2573 2174 2629 hoc
2195 2582 2279 2630 est
2297 2575 2424 2646 Apr.
2443 2593 2568 2632 xxv.

251 2658 392 2723 Quod
415 2660 632 2732 quidem
654 2660 913 2714 devitasse
933 2660 1145 2715 Latinos
1168 2660 1384 2714 Victorii
1405 2662 1565 2714 verba
1585 2660 1957 2716 demonstrant.
2008 2661 2146 2714 Nam
2166 2662 2571 2717 remotissimum

251 2744 449 2800 illorum
464 2744 668 2817 pascha
683 2747 951 2800 constitnit
964 2746 1155 2817 Aprilis
1172 2763 1335 2812 xxm,
1355 2747 1502 2817 cyclo
1520 2746 1749 2800 Nicaeno
1767 2765 1875 2801 xrx.
1888 2786 1903 2812 ,
1926 2746 2133 2816 quando
2151 2745 2302 2801 litera
2324 2745 2567 2802 dominic.

250 2837 327 2885 at
344 2831 407 2885 B.
451 2832 535 2886 De
558 2839 745 2886 octavo
767 2849 889 2887 vero
914 2833 1059 2901 cyclo
1079 2832 1311 2886 Nicaenc
1334 2832 1539 2902 penitus
1563 2833 1740 2887 tacuit.
1789 2831 1935 2885 Unde
1966 2832 2183 2902 colligas
2205 2831 2418 2887 Latinos
2440 2850 2569 2887 non-

249 2931 515 2988 uunquam
538 2909 863 2988 aequinoctio
886 2918 1005 2988 ipso
1023 2916 1222 2989 pascha
1235 2918 1517 2987 peregisse.
1561 2917 1696 2972 Cum
1716 2916 1846 2970 haec
1864 2919 1942 2971 ita
1962 2934 2077 2971 sese
2099 2916 2397 2983 habuerint,
2419 2922 2480 2971 ut
2499 2935 2569 2972 ex

250 2999 457 3057 Victorii
470 3003 700 3074 Prologo
721 3003 1065 3058 manifestum
1082 3010 1186 3070 est,
1206 3003 1399 3058 Paulus
1422 3009 1600 3057 tamen
1614 3002 2152 3074 Forosemproniensis
2172 3003 2264 3058 lib.
2277 3022 2327 3057 v.
2348 3004 2512 3074 partis
2526 3022 2566 3060 ι.

249 3086 456 3144 Latinos
488 3089 721 3144 affirmat
751 3088 1022 3161 paschales
1054 3089 1340 3144 dominicas
1374 3089 1556 3143 diebus
1597 3089 1814 3159 triginta
1851 3089 2343 3159 circumscripsisse,
2382 3106 2569 3161 nempe

250 3190 283 3228 a
300 3191 431 3230 xxu.
450 3176 634 3231 Martii
656 3175 722 3228 ad
744 3193 834 3230 ιι.
858 3176 1076 3246 Aprilis,
1101 3177 1192 3246 qui
1211 3176 1403 3229 limites
1425 3176 1481 3229 in
1501 3175 1731 3229 Concilio
1756 3175 2082 3230 Caesariensi
2104 3174 2303 3229 definiti
2323 3177 2569 3245 leguntur

246 3261 383 3330 apud
402 3261 609 3318 Bedam
630 3262 689 3315 in
708 3262 1010 3334 Appendice
1031 3261 1097 3315 ad
1118 3262 1350 3315 libellum
1374 3262 1438 3315 de
1460 3261 1799 3332 Aequinoctio
1813 3301 1828 3326 ‚
1861 3278 1994 3332 quae
2015 3262 2070 3315 in
2094 3261 2456 3316 Sirmondiano
2480 3279 2568 3316 co-

249 3344 355 3400 dice
374 3346 679 3418 Philippum
692 3387 706 3413 ,
736 3349 817 3402 uti
837 3347 1093 3412 diximus,
1126 3353 1360 3401 autorem
1381 3348 1719 3418 praeferebat.
1765 3346 1934 3411 Quare
1956 3363 2333 3419 nonnunquam
2353 3346 2569 3402 Latinos

248 3430 379 3486 idem
394 3432 595 3487 Paulus
610 3434 893 3498 existimat,
915 3451 983 3487 ne
999 3433 1347 3503 praescriptos
1362 3433 1481 3487 illos
1497 3434 1749 3489 terminos
1766 3433 2080 3499 exciderent,
2100 3432 2297 3504 pascha
2315 3435 2443 3488 luna
2459 3452 2566 3488 xrv.

249 3518 557 3573 celebrasse.
598 3518 748 3583 Quod
772 3536 891 3572 cnm
914 3519 982 3571 ad
1003 3518 1215 3573 eosdem
1234 3519 1353 3573 illos
1372 3518 1590 3574 Latinos
1611 3520 1820 3585 referat,
1841 3536 2064 3590 quorum
2087 3535 2116 3573 e
2138 3536 2297 3590 grege
2308 3520 2572 3576 Victorius

249 3606 419 3657 extitit
434 3604 561 3674 (hos
572 3606 716 3659 enim
731 3605 876 3676 ipsos
891 3604 1049 3659 refert
1061 3603 1359 3675 paschalem
1377 3605 1691 3659 dominicam
1707 3621 1742 3659 a
1756 3605 1882 3659 luna
1898 3624 2005 3662 xvr.
2022 3605 2088 3658 ad
2107 3623 2234 3662 ιιιι.
2252 3606 2567 3676 extendisse)

249 3692 521 3762 perspicua
554 3697 635 3745 est
660 3687 1012 3744 hallucinatio.
1056 3689 1269 3744 Falsum
1300 3696 1381 3744 est
1402 3692 1542 3745 enim
1564 3690 1866 3762 paschalem
1887 3692 2102 3746 Victorii
2129 3708 2363 3746 mensem
2385 3693 2567 3746 diebus

250 3793 369 3832 xxx.
403 3775 841 3848 comprehensum
869 3776 1049 3830 fuisse.
1110 3775 1371 3848 Imprimis
1402 3777 1568 3847 quod,
1599 3782 1660 3829 ut
1689 3777 1844 3847 paulo
1878 3783 2000 3830 ante
2031 3778 2442 3832 demonstratum
2469 3784 2567 3843 est,

250 3861 480 3917 citimum
501 3863 714 3917 illorum
734 3861 932 3933 pascha
950 3863 1007 3916 in
1026 3862 1203 3933 ipsum
1224 3862 1537 3932 aequinoctii
1558 3862 1696 3916 diem
1715 3862 1975 3928 inciderit,
2008 3863 2153 3932 cyclo
2177 3882 2288 3918 vm.
2319 3862 2565 3929 Nicaono,

250 3951 449 4018 quoties
471 3950 604 4002 luna
624 3967 731 4003 xrv.
752 3948 931 4003 Martii
951 3966 1061 4002 ιιι.
1076 3985 1090 4012 ,
1121 3948 1254 4001 feria
1273 3966 1345 4002 vr.
1369 3948 1675 4017 contigerat.
1719 3947 1918 4002 Rursus
1941 3949 2087 4018 cyclo
2110 3949 2416 4002 Latinorum
2435 3966 2566 4013 vm„
2646 3996 2658 4009 ,

248 4032 472 4089 Nicaeno
494 4052 597 4101 ιι.,
618 4034 894 4088 neomenia
912 4032 1173 4103 paschalis
1192 4033 1667 4087 Alexandrinorum
1695 4034 1890 4103 pariter
1919 4050 1982 4087 ac
2002 4034 2304 4090 Latinorum
2326 4034 2570 4087 convenit

250 4121 437 4190 Aprilis
458 4139 520 4176 ιι.
563 4119 851 4190 Fingamus
874 4135 999 4190 ergo
1020 4119 1225 4172 literam
1248 4118 1489 4172 dominic.
1512 4118 1697 4172 eodem
1716 4135 1854 4173 anno
1876 4119 2036 4174 fuisse
2059 4119 2125 4184 A,
2163 4120 2361 4173 decima
2381 4125 2565 4190 quarta

248 4204 511 4274 paschalis
538 4205 731 4259 incidet
760 4206 817 4258 in
846 4205 971 4275 Apr.
993 4221 1104 4271 xv„
1134 4204 1265 4258 feria
1284 4221 1376 4259 vn.
1434 4203 1689 4268 Quocirca
1708 4204 1997 4260 Nicaenum
2026 4204 2221 4274 pascha
2249 4205 2564 4258 celebratum

250 4297 329 4344 est
346 4292 473 4363 Apr.
494 4308 631 4356 ιη,
653 4292 781 4343 luna
800 4290 1001 4344 decima
1023 4291 1228 4360 quinta:
1260 4289 1435 4343 Latini
1456 4307 1579 4344 vero
1603 4308 1672 4344 ex
1695 4291 1912 4345 Victorii
1930 4291 2115 4360 regula
2134 4290 2191 4343 in
2210 4291 2392 4344 lunam
2416 4309 2564 4357 xxm,

250 4373 344 4430 hoc
365 4384 451 4431 est
470 4395 627 4432 xxm.
650 4377 842 4446 Aprilis
862 4376 1187 4430 distulerunt.
1231 4376 1396 4446 Igitur
1419 4392 1452 4428 a
1472 4394 1583 4430 ιιι.
1606 4377 1783 4430 Martii
1803 4376 1869 4429 ad
1891 4393 2039 4430 xxm.
2063 4376 2252 4445 Aprilis
2272 4378 2563 4448 legitimum

178 4493 194 4517 s
251 4467 403 4534 atque
424 4463 745 4519 ordinarium
760 4461 959 4516 Latinis
979 4460 1176 4532 pascha
1192 4479 1372 4517 xxxiv.
1398 4462 1580 4517 diebus
1603 4462 1913 4516 extenditur.
1947 4460 2155 4514 Praeter
2175 4462 2408 4517 ordinem
2422 4480 2565 4530 vero,

250 4556 558 4620 praeterque
577 4550 749 4620 legem
770 4549 825 4602 in
850 4566 973 4603 xxv.
992 4548 1184 4619 Aprilis
1207 4554 1577 4614 summovetur,
1601 4564 1720 4604 cum
1741 4547 1890 4617 cyclo
1909 4564 2020 4603 ιιι.
2044 4546 2248 4601 decima
2266 4555 2453 4619 quarta
2471 4565 2563 4622 pa-

252 4633 443 4691 schalis
461 4637 521 4691 in
543 4635 720 4692 Martii
737 4653 886 4692 xvm.
908 4634 1149 4700 incurrit,
1169 4632 1302 4689 feria
1322 4651 1414 4700 vr„
1434 4639 1496 4688 ut
1515 4639 1672 4689 antea
1692 4633 2010 4689 declaratum
2030 4637 2130 4688 est.
2173 4633 2252 4690 Ita
2271 4635 2562 4690 tricesimu
