3185 5219
395 2937 438 2978 p.
457 2926 546 2969 ne.

590 356 703 413 cvl

590 528 697 567 non
732 517 854 584 post
883 513 1231 577 nativitatem,
1266 517 1327 566 ut
1346 511 1498 567 hodie
1520 511 1610 577 fit,
1642 528 1676 566 a
1695 511 1933 568 Mariano
1953 516 2012 566 et
2029 510 2232 566 mediae
2254 512 2530 570 vetustatis
2564 511 2920 583 chronologis,

590 598 683 652 sed
707 599 775 652 ab
799 598 915 669 ipso
937 598 1307 653 incarnationis
1331 613 1471 652 anno
1493 597 1674 669 repeti.
1719 597 1828 652 Nec
1860 598 2034 652 minus
2066 599 2120 651 in
2154 598 2473 666 reliquorum
2496 598 2637 651 notis
2659 614 2924 652 annornm

590 685 703 738 sive
720 684 987 739 Marianus
1011 683 1146 753 ipse,
1170 685 1279 737 sive
1300 683 1543 737 librarius
1564 690 1772 753 peccat;
1796 684 1898 736 etsi
1918 683 2126 754 saepius
2149 689 2343 737 rectam
2358 685 2498 738 viam
2515 683 2727 738 insistit.
2763 683 2926 736 Verbi

590 785 783 823 caussa
810 785 949 823 anno
980 768 1173 823 Christi
1196 787 1321 824 nvn.
1352 769 1485 837 cycli
1519 770 1694 839 quarti
1725 768 2210 823 decemnovennalis
2243 770 2452 822 initium
2483 770 2709 823 collocat
2739 769 2925 824 indict.

590 874 678 910 xv.
714 855 889 909 Recte.
925 854 1108 926 Coepit
1126 856 1269 909 enim
1290 856 1466 924 cyclus
1483 873 1520 909 1.
1542 853 1642 907 hoc
1667 870 1806 908 anno
1839 855 1949 910 sire
1976 869 2010 907 a
2035 854 2149 909 Kal.
2169 853 2278 908 Ian.
2296 855 2406 908 sive
2423 870 2457 908 a
2473 854 2706 925 paschali
2721 871 2925 921 mense,

590 940 769 996 indict.
795 959 906 1004 xv.;
938 946 993 995 at
1025 941 1080 995 in
1114 940 1409 1011 Septembri
1438 939 1651 994 indictio
1675 957 1783 994 xvi.
1845 940 1926 993 Ex
1950 956 2055 1011 quo
2077 941 2311 1011 sequitur
2333 940 2561 1010 primum
2582 956 2785 994 annum
2806 957 2925 994 coe·

590 1026 731 1097 pisse
761 1025 937 1080 indict.
962 1043 1032 1081 iv.
1080 1025 1175 1080 Est
1196 1032 1373 1082 autem
1397 1024 1481 1080 hic
1498 1026 1638 1095 cycli
1659 1025 1968 1094 Dionysiani
1993 1043 2048 1080 u.
2062 1064 2076 1089 ,
2111 1041 2214 1095 quo
2245 1030 2470 1082 exeunte
2491 1031 2648 1080 natus
2671 1031 2754 1080 ea
2776 1025 2926 1080 Chri·

591 1118 720 1168 stus.
766 1111 906 1181 Ergo
928 1110 1105 1166 indict.
1124 1130 1173 1164 v.
1196 1117 1350 1165 natus
1375 1116 1457 1164 est
1475 1111 1763 1165 secundum
1784 1111 2114 1180 Dionysium.
2146 1110 2228 1164 Its.
2249 1125 2388 1165 anno
2414 1127 2592 1166 cccrv.
2617 1117 2768 1165 notat
2788 1112 2929 1181 cycli

591 1197 988 1267 decimiseptimi
1019 1213 1218 1254 annum
1247 1198 1499 1267 primum,
1532 1196 1711 1250 indict.
1735 1215 1826 1252 vu.
1893 1197 2056 1250 Recte
2086 1197 2215 1250 item
2247 1213 2385 1252 anno
2404 1213 2618 1251 cccxu.
2651 1203 2804 1252 notat
2837 1214 2927 1266 cy-

590 1284 730 1338 clum
752 1302 819 1348 r.,
841 1283 1019 1338 indict.
1044 1300 1151 1337 xiv.
1196 1283 1267 1336 At
1287 1299 1425 1336 anno
1451 1298 1667 1336 ccccxi.
1689 1282 1896 1352 cyclum
1919 1302 1982 1348 ι,
2005 1282 2184 1337 indict.
2201 1301 2307 1346 m.,
2329 1283 2425 1336 ubi
2445 1283 2622 1336 indict.
2643 1302 2715 1337 nv.
2741 1284 2928 1352 legen-

590 1370 731 1422 dum.
776 1367 1053 1438 Perperam
1076 1384 1285 1438 quoque
1310 1384 1447 1421 anno
1473 1383 1767 1423 cccxcviii.
1793 1369 1998 1437 cyclum
2022 1369 2198 1439 posuit
2218 1387 2282 1434 1.‚
2305 1368 2482 1423 indict.
2507 1387 2597 1434 ιι,
2619 1369 2760 1439 quod
2784 1385 2928 1422 aune

591 1470 845 1510 cccxcix.
869 1454 1130 1508 convenit.
1200 1454 1351 1507 Anno
1375 1469 1497 1507 vero
1523 1468 1797 1508 ccccxvii.
1823 1460 1960 1507 recte
1983 1455 2163 1523 cyclus
2185 1455 2408 1524 primus,
2432 1454 2524 1508 sed
2546 1455 2688 1508 male
2705 1454 2927 1508 indictio

592 1559 679 1594 xv.
719 1539 1054 1604 adscribitur,
1093 1555 1189 1609 pro
1223 1556 1285 1603 ι.,
1316 1556 1438 1592 cum
1469 1555 1609 1592 anno
1634 1554 1926 1597 cccxcvm.
1959 1539 2171 1595 indictio
2205 1539 2363 1596 fuerit
2383 1557 2456 1595 xr.
2528 1538 2748 1593 Caetera
2770 1538 2928 1593 huius

590 1625 843 1690 auctoris,
876 1630 970 1678 aut
1001 1624 1221 1679 aliorum
1254 1625 1497 1695 persequi
1528 1625 1753 1678 otiosum
1776 1640 1839 1678 ac
1862 1641 2240 1696 supervacuum
2265 1631 2362 1678 est.
2429 1625 2561 1678 Illud
2585 1625 2798 1695 quidem
2819 1626 2930 1679 evi·

590 1711 774 1765 denter
805 1715 1044 1780 apparet,
1074 1711 1367 1764 Marianum
1400 1711 1467 1764 ab
1501 1725 1624 1763 aera
1644 1709 1970 1780 Dionysiana
2000 1728 2105 1765 non
2136 1711 2438 1774 recessisse,
2471 1711 2803 1781 eundemque
2826 1712 2930 1781 pri·

592 1813 737 1850 mum
763 1794 957 1848 Christi
977 1795 1112 1864 cycli
1134 1795 1419 1849 secundum
1441 1794 1714 1860 habuisse,
1737 1812 1840 1865 quo
1864 1797 2162 1850 incarnatus
2186 1803 2239 1849 et
2261 1801 2407 1850 ortus
2430 1802 2510 1849 est
2532 1794 2785 1852 Christus.
2829 1797 2929 1850 Ve-

592 1899 711 1936 rum
742 1881 881 1935 hunc
910 1896 1132 1946 annum,
1162 1887 1221 1935 ut
1250 1886 1302 1935 et
1332 1881 1712 1951 Dionysianam
1742 1897 1946 1946 aeram,
1976 1882 2116 1936 male
2148 1897 2268 1936 cum
2299 1882 2452 1936 annis
2482 1881 2638 1937 Urbis
2672 1887 2725 1936 et
2748 1882 2929 1952 Olym-

592 1967 808 2039 piadum
839 1967 1129 2037 componit,
1168 1972 1229 2020 ut
1265 1965 1516 2021 hactenus
1546 1967 1746 2038 liquido
1777 1968 2028 2021 constitit.
2112 1966 2407 2031 Quinetiam
2447 1969 2770 2039 baptizatum
2811 1985 2930 2021 esse

595 2053 859 2108 Christum
880 2053 1020 2108 idem
1044 2054 1230 2108 asserit
1250 2069 1387 2115 anno
1411 2069 1561 2108 aerae
1584 2071 1760 2120 xm,
1791 2055 1978 2108 aetatis
1999 2053 2212 2108 ineunte
2235 2072 2359 2108 xxx.
2374 2093 2389 2118 ,
2420 2053 2521 2107 hoc
2553 2060 2637 2107 est
2669 2054 2930 2108 absolutis

595 2158 753 2204 xxrx3
789 2157 856 2194 ex
889 2157 993 2212 quo
1025 2140 1244 2210 colligas
1278 2157 1417 2194 anno
1440 2156 1592 2195 aerae
1616 2141 1831 2210 Dionys.
1854 2140 2022 2211 primo
2047 2138 2310 2194 Christum
2333 2156 2399 2194 ex
2423 2140 2644 2196 istorum
2666 2140 2932 2194 sententia

594 2242 713 2281 esse
744 2233 945 2283 natum.
990 2226 1292 2296 Eodemque
1321 2226 1479 2281 modo
1512 2243 1634 2280 cum
1667 2243 1805 2280 anne
1840 2241 1993 2280 aerae
2016 2244 2196 2281 xxxrv.
2219 2242 2408 2296 passus
2438 2226 2665 2296 ponitur,
2697 2224 2931 2295 idipsum

596 2313 787 2368 aetatis
816 2313 958 2368 illius
982 2331 1171 2368 xxxm.
1202 2314 1440 2376 ineunte,
1474 2313 1714 2366 absoluto
1745 2327 1869 2366 vero
1894 2330 2061 2369 xxxu.
2085 2312 2362 2382 contigerit
2393 2316 2618 2383 opertet3
2651 2316 2713 2366 ut
2745 2327 2930 2365 verum

594 2400 667 2454 sit
687 2399 828 2469 quod
850 2398 913 2452 de
936 2414 1088 2451 aerae
1111 2398 1475 2468 acticipatioue
1496 2399 1653 2468 paulo
1677 2403 1798 2453 ante
1821 2398 2109 2452 docuimus.

732 2484 986 2549 Quocirca
1007 2484 1203 2538 falsum
1224 2490 1306 2538 est
1325 2484 1622 2537 Marianum
1644 2483 2022 2553 Dionysianam
2052 2498 2229 2537 aeram
2263 2482 2471 2537 biennio
2503 2483 2933 2538 anteverteudam

595 2577 825 2645 putasse.
892 2570 1040 2636 Quod
1064 2575 1240 2625 autem
1273 2570 1340 2624 ad
1362 2587 1479 2625 xxu
1514 2570 1594 2624 vel
1620 2588 1712 2627 xxr
1743 2586 1910 2625 annos
1941 2569 2153 2635 attinet,
2191 2585 2320 2640 quos
2354 2584 2388 2623 a
2418 2568 2670 2640 Dionysio
2703 2577 2933 2642 praeter-

596 2661 787 2713 missos
811 2664 919 2712 tam
942 2658 1053 2728 ipse
1077 2670 1236 2727 quam
1259 2657 1565 2728 Sigebertus
1589 2658 1884 2721 existimat,
1918 2670 2138 2726 agemus
2172 2655 2236 2710 de
2269 2656 2332 2709 iis
2366 2656 2422 2710 in
2444 2657 2685 2726 sequenti
2707 2657 2934 2711 diatriba

596 2746 661 2799 de
682 2745 927 2816 passione
950 2743 1165 2797 domini.
1221 2744 1368 2799 Hanc
1400 2742 1619 2797 eandem
1643 2762 1758 2799 xxrr
1779 2759 2034 2797 annerum
2065 2758 2330 2796 summam
2352 2741 2534 2796 deesse
2554 2742 2752 2797 Paulus
2774 2742 2932 2798 Fero·

596 2830 1005 2903 semproniensis
1028 2846 1095 2883 ex
1121 2830 1349 2900 quadam
1381 2830 1700 2885 revelatione
1721 2829 1985 2885 didicerat.
2029 2828 2264 2882 Ridicule
2287 2842 2434 2883 sane.
2481 2827 2618 2881 Nam
2641 2834 2696 2883 et
2716 2831 2833 2900 ipse
2855 2847 2932 2884 re·-

594 2917 911 2972 velationem
932 2932 1080 2969 suam
1105 2916 1333 2986 negligit
1372 2922 1425 2970 et
1453 2917 1509 2970 in
1545 2933 1608 2970 eo
1632 2916 1843 2969 tandem
1873 2915 2181 2986 acquiescit,
2216 2919 2278 2967 ut
2297 2913 2653 2983 Dionysianse
2676 2931 2834 2970 aerae
2857 2916 2932 2971 bi-

594 3004 739 3058 ennii
759 3003 932 3056 labem
954 3002 1200 3072 imputet,
1225 3002 1317 3055 sed
1341 3008 1525 3056 contra
1546 3018 1608 3055 sc
1631 3002 1943 3056 recentiores
1967 3001 2180 3055 faciunt.
2221 2999 2338 3053 Non
2362 3000 2504 3053 enim
2527 3006 2931 3073 μιταχρονισμῷ,

595 3089 689 3142 sed
714 3090 1072 3158 προχρονισμῷ
1104 3095 1377 3157 peccatum
1409 3088 1618 3152 statuit,
1651 3087 1874 3157 ideoque
1907 3087 2118 3143 biennio
2153 3102 2312 3155 quam
2341 3101 2523 3139 revera
2551 3087 2623 3140 sit
2649 3088 2932 3144 tardiorem

598 3191 716 3228 esse
742 3178 978 3244 oportere
1002 3174 1284 3228 contendit.
1332 3173 1537 3227 Norunt
1559 3189 1740 3227 omnes
1764 3173 1854 3242 qui
1877 3177 2114 3225 autorem
2135 3173 2298 3225 istum
2319 3172 2583 3242 legerunt,
2605 3174 2934 3244 quiquidem

597 3259 750 3315 hodie
774 3259 989 3312 inventu
1011 3274 1252 3327 perrarus
1275 3263 1382 3323 est,
1420 3275 1578 3328 quam
1609 3259 1894 3311 immanem
1927 3274 1990 3312 ea
2026 3258 2089 3310 de
2120 3273 2177 3311 re
2211 3258 2646 3312 commentarium
2669 3260 2936 3331 scripserit

598 3336 885 3399 eruditione
908 3341 1046 3396 haud
1070 3344 1275 3414 vulgari
1304 3344 1396 3397 illa
1425 3344 1636 3414 quidem
1667 3343 1916 3398 refertum
1949 3350 2002 3397 et
2034 3344 2101 3396 ad
2133 3344 2396 3413 cyclorum
2427 3359 2795 3416 annorumque
2829 3363 2935 3400 rne-

599 3430 817 3487 thodum
841 3444 962 3482 cum
984 3429 1167 3499 primis
1192 3430 1388 3485 utilem.
1432 3430 1495 3484 In
1516 3428 1673 3483 huius
1695 3430 1856 3500 igitur
1879 3431 2049 3501 operis
2072 3430 2204 3483 libro
2223 3447 2317 3483 xn.
2340 3434 2395 3482 et
2409 3447 2550 3495 xm„
2572 3435 2860 3501 postquam
2881 3434 2934 3486 in

597 3517 731 3571 libro
754 3534 806 3569 x.
828 3516 1056 3586 priorem
1087 3516 1232 3569 illam
1268 3515 1331 3569 de
1356 3533 1471 3570 xxu
1501 3516 1654 3569 annis
1683 3517 2084 3581 revelationem,
2119 3531 2245 3569 sane
2277 3515 2554 3578 insulsam,
2587 3519 2936 3587 exposuisset,

599 3604 744 3657 velut
775 3607 977 3657 mutata
1012 3601 1271 3656 sententia
1306 3601 1517 3657 biennio
1550 3602 1807 3656 maturius
1841 3602 2139 3657 inchoatam
2173 3618 2206 3655 a
2239 3601 2492 3670 Dionysio
2527 3601 2712 3655 definit
2743 3617 2936 3668 aeram,

602 3705 740 3743 anno
765 3688 969 3743 iuliane
991 3706 1160 3751 xum,
1196 3704 1315 3741 cum
1347 3704 1382 3741 a
1404 3706 1587 3742 xum.
1613 3689 1930 3758 auspicanda
1949 3688 2122 3742 fuerit.
2169 3688 2278 3741 Hoc
2300 3703 2426 3741 vero
2457 3686 2525 3741 ad
2546 3685 2686 3740 hunc
2717 3689 2934 3743 modun

601 3776 943 3829 demonstrat:
980 3773 1237 3828 Eusebius
1272 3775 1329 3828 in
1365 3773 1634 3828 Chronicis
1670 3790 1807 3828 anno
1844 3774 2039 3828 Christi
2072 3792 2183 3839 xv„
2217 3774 2443 3843 Augusti
2477 3791 2610 3838 nvn,
2643 3780 2698 3826 et
2731 3775 2935 3841 ultimo,

602 3861 819 3931 eclipsin
841 3860 970 3915 selis
993 3859 1242 3914 accidisse
1266 3865 1438 3927 notat,
1471 3860 1758 3931 eodemque
1790 3878 1928 3914 anno
1959 3865 2226 3913 mortuum
2249 3860 2566 3929 Augustum.
2613 3859 2685 3912 At
2703 3876 2835 3915 vero
2858 3880 2936 3916 ec·

598 3947 750 4018 lipsis
788 3946 934 4001 nulla
964 3961 1103 4001 anno
1130 3944 1320 3999 Christi
1344 3965 1430 4000 xv.
1453 3953 1546 3999 aut
1576 3947 1680 4000 alio
1716 3946 1938 4015 contigit
1967 3958 2127 4015 qnam
2151 3963 2307 4010 xvrn,
2339 3945 2396 3997 in
2426 3958 2531 4014 qua
2561 3943 2764 4000 Romae
2797 3952 2936 4002 tetus

601 4034 682 4086 sol
728 4032 1035 4085 obscuratus
1075 4037 1179 4096 est,
1215 4032 1483 4086 Februarii
1506 4051 1621 4095 xv.,
1655 4030 1781 4084 hora
1813 4049 1931 4085 vere
1965 4031 2277 4095 meridiana,
2312 4031 2423 4083 sole
2456 4031 2511 4084 in
2545 4047 2691 4086 xxvi.
2717 4015 2939 4104 Aquarii

601 4118 769 4189 gradu
801 4117 1000 4188 posit03
1037 4134 1140 4187 quo
1174 4117 1356 4171 eodem
1389 4133 1527 4171 anuo
1560 4136 1669 4171 xrv.
1690 4117 1808 4172 Kal.
1834 4117 1977 4187 Sept.
2001 4117 2272 4186 Augustus
2304 4116 2449 4171 obiit.
2521 4114 2693 4179 Quare
2725 4118 2937 4173 biennio

598 4210 724 4258 toto»
755 4219 878 4257 aera
910 4202 1233 4273 Dionysiana
1263 4220 1448 4258 verum
1482 4202 1675 4256 Christi
1716 4204 1948 4256 natalem
1990 4201 2264 4267 antecedit.
2352 4201 2519 4255 Huius
2561 4202 2769 4273 eclipsis
2810 4205 2937 4258 solis

600 4294 807 4361 praeter
838 4288 1125 4343 Eusebium
1156 4290 1396 4343 meminit
1429 4293 1482 4341 et
1516 4288 1615 4341 Dio
1649 4288 1737 4341 lib.
1762 4306 1868 4343 ωτι.
1909 4294 1963 4339 et
1994 4287 2128 4340 inter
2161 4302 2226 4339 ea
2255 4286 2502 4357 prodigia
2529 4296 2770 4342 recenset
2804 4306 2938 4361 quae

600 4375 828 4445 Augusti
849 4381 1070 4429 mortem
1093 4376 1424 4429 nunciarunt.
1472 4373 1604 4426 Eam
1635 4391 1732 4427 nos
1767 4390 1886 4426 cum
1907 4373 2118 4426 Mulleri
2149 4372 2370 4437 tabulis,
2402 4388 2537 4442 quae
2568 4380 2694 4427 sunt
2725 4376 2937 4446 expedi-

602 4462 861 4526 tissimae,
885 4462 1206 4515 conferentes
1230 4460 1482 4514 accidisse
1505 4460 1830 4529 reperiebam
1853 4458 1920 4510 ad
1941 4459 2286 4512 meridianum
2303 4458 2342 4511 F
2343 4459 2557 4512 risicum
2581 4475 2722 4513 anno
2743 4460 2940 4515 Christi

603 4565 750 4611 xvrr„
775 4545 1039 4599 Februarii
1062 4546 1140 4600 15.
1166 4545 1275 4600 hor.
1290 4546 1338 4600 9.
1364 4541 1415 4598 5’
1439 4545 1487 4596 7.
1505 4549 1629 4597 ante
1645 4544 1931 4609 meridiem,
1955 4544 2242 4598 secundum
2258 4560 2408 4597 veros
2424 4545 2581 4598 lunae
2597 4552 2795 4600 motus.
2829 4548 2939 4601 He·

603 4632 746 4686 dium
763 4631 1090 4687 novilunium
1104 4630 1374 4685 Februarii
1390 4648 1498 4688 xrv.
1514 4668 1528 4695 ,
1557 4628 1669 4685 hor.
1690 4630 1794 4699 20„
1823 4626 1868 4683 1‘
1893 4630 1937 4685 l.
1974 4630 2135 4701 Atqui
2156 4630 2364 4700 eclipsis
2385 4630 2489 4684 ista
2510 4647 2851 4704 nequaquam
2871 4633 2939 4687 ad
