3185 5219
610 366 866 425 Lmn

610 541 777 581 annos
799 524 1096 588 rediissent,
1118 523 1305 592 Magos
1328 537 1420 575 eos
1440 521 1718 575 invenisse.
1771 521 1881 576 Hoc
1904 538 2028 578 vero
2057 540 2326 595 nunquam
2360 524 2567 595 scripsit
2595 522 2928 597 Epiphanius.

611 612 780 676 Quare
796 610 1142 665 hallucinatus
1161 614 1241 662 est
1256 607 1640 662 eruditissimus
1658 608 1746 660 ille
1769 609 2162 679 evangeliorum
2184 612 2455 681 interpres.
2489 609 2598 664 Nec
2618 609 2738 664 ideo
2759 615 2932 664 tamen

611 704 814 751 tantum
837 695 1164 760 commeruit,
1198 700 1259 747 ut
1289 709 1323 746 a
1345 692 1659 747 Casauhono
1691 697 1800 746 tam
1833 694 2169 750 inclementer
2191 712 2252 749 ac
2285 696 2462 768 putide
2492 698 2762 749 notaretur
2791 701 2846 749 et
2864 697 2934 749 vi·

612 784 990 837 rulentissimus
1013 796 1074 834 ac
1096 779 1617 833 maledicentissimis
1635 779 1853 849 scriptor
1870 781 2215 851 appeliaretur
2236 782 2292 835 in
2314 782 2402 836 illo
2427 797 2582 853 opere
2605 781 2745 852 quod
2766 783 2936 852 ipsum

614 886 681 922 ex
698 869 968 922 virulentis
991 866 1262 920 calumniis
1285 870 1338 918 et
1370 864 1640 918 haereticis
1666 865 1999 935 opinionibus
2022 873 2323 921 contextum
2349 866 2595 921 adversus
2613 866 2937 921 Batonianos

612 955 839 1009 Annales
864 953 1060 1007 effudit.

746 1038 835 1101 Ὧς
859 1036 923 1100 εἰς
945 1038 1032 1107 τὴν
1055 1038 1321 1107 πανήγυριν
1344 1036 1569 1103 tautum]
1614 1034 1783 1100 Quam
1813 1037 2022 1092 taudem
2051 1037 2136 1092 hic
2171 1038 2438 1110 πανήγυριν
2459 1038 2722 1109 intelliget
2742 1038 2935 1093 nescio.

613 1126 825 1181 Videtur
847 1125 948 1178 loci
968 1124 1132 1188 illius,
1168 1124 1221 1177 in
1252 1139 1355 1194 quo
1379 1127 1536 1176 natus
1561 1127 1675 1176 erat
1694 1121 1960 1190 dominns,
1995 1124 2306 1178 celebratam
2336 1126 2642 1179 memoriam
2673 1123 2939 1193 πανήγυριν
2965 1132 2972 1137 ·

614 1212 891 1283 appellare.

745 1295 809 1350 N.
833 1314 884 1350 x.
933 1294 1021 1365 Τῷ
1045 1293 1139 1365 γὰρ
1159 1297 1437 1365 τριακοστῷ
1462 1292 1654 1363 τρίτῳ.]
1698 1292 1774 1347 De
1796 1292 1878 1348 his
1901 1296 2190 1350 accuratius
2213 1296 2369 1366 paulo
2393 1300 2514 1367 post
2534 1310 2768 1365 agemus.

749 1381 841 1434 Διὰ
864 1381 919 1433 rb
946 1379 1299 1451 μεμνηστεῦθαι
1321 1378 1631 1450 πρεσβύτης]
1674 1378 1823 1442 Quod
1846 1379 2096 1452 Iosephus
2119 1381 2379 1452 decrepita
2399 1381 2506 1434 iam
2529 1384 2699 1433 aetate
2721 1379 2939 1434 Mariam

615 1470 822 1523 duxerit
855 1472 1003 1520 vetus
1036 1471 1117 1518 est
1149 1465 1339 1535 opinio.
1400 1463 1546 1528 Quod
1581 1469 1756 1518 autem
1787 1466 1977 1520 liberos
2009 1484 2075 1520 ex
2105 1467 2275 1538 priore
2307 1467 2482 1536 aliqua
2512 1466 2737 1536 coniuge
2768 1480 2941 1519 susce·

615 1556 770 1627 perit,
804 1553 902 1606 etsi
933 1552 987 1605 id
1018 1551 1295 1621 Epiphanii
1319 1550 1510 1620 aliique
1533 1556 1736 1603 veteres
1757 1553 2038 1606 memoriae
2070 1551 2414 1624 prodiderint,
2449 1553 2740 1606 reclamant
2765 1556 2940 1606 tamen

617 1641 799 1694 merito
823 1638 1013 1691 caeteri
1037 1653 1233 1691 omnes.
1281 1635 1359 1689 De
1383 1651 1488 1705 qua
1508 1652 1565 1691 re
1586 1634 1847 1690 Batonius
1869 1637 1924 1690 in
1949 1638 2138 1709 Appar.

750 1724 813 1779 N.
838 1742 911 1777 ιι.
955 1721 1203 1779 Ἐντεῦθεν
1226 1720 1427 1788 volvem]
1470 1721 1612 1775 Haec
1640 1721 1804 1791 igitur
1824 1722 1985 1777 verba
2005 1728 2094 1776 τοῦ
2119 1723 2230 1776 θεοῦ
2262 1722 2328 1777 ad
2350 1722 2524 1777 Iesum
2554 1723 2815 1794 pertinere
2836 1737 2941 1775 ere·

618 1812 747 1865 didit
766 1807 951 1880 Epiph.
964 1848 979 1873 ,
1001 1825 1108 1862 non
1129 1807 1196 1861 ad
1219 1806 1493 1860 Adamum.

755 1896 843 1965 Τῷ
866 1897 1034 1964 Aonas
1057 1889 1157 1945 ὄντι
1182 1891 1262 1945 καὶ
1286 1890 1440 1962 αὐτῷ.
1487 1891 1638 1957 Quod
1659 1891 1829 1947 Lucas
1853 1908 1881 1946 e
1904 1892 2277 1965 discipulorum
2299 1911 2518 1949 numero
2545 1894 2728 1959 fuerit,
2761 1893 2945 1947 asserit

620 1989 673 2037 et
693 1980 982 2036 Dorotheus
1005 1980 1060 2033 in
1083 1979 1336 2049 Synopsi,
1368 1979 1612 2049 quamvis
1640 1977 1694 2031 id
1725 1978 1900 2050 ipsum
1930 1980 1997 2032 ab
2021 1996 2083 2033 eo
2107 1981 2288 2050 negari
2309 1981 2642 2035 Maldonatus
2664 1979 2944 2050 scripserit.

619 2069 723 2123 Sed
746 2072 928 2121 contra
948 2065 1181 2120 sentiunt
1200 2063 1459 2135 plerique,
1483 2069 1535 2117 et
1554 2062 1609 2116 id
1632 2080 1700 2117 ex
1721 2064 1852 2134 ipsis
1875 2064 2048 2119 Lucae
2071 2066 2243 2119 verbis
2266 2066 2543 2136 colligunt,
2567 2081 2688 2119 cum
2711 2066 2788 2117 ait
2811 2061 2945 2126 ttae:

621 2154 771 2226 κᾴμοὶ
792 2150 1248 2223 παρηκολουθηκότι
1271 2145 1454 2201 ἄνωθεν
1477 2150 1623 2200 πᾶσιν
1641 2145 1850 2219 ἀκριβῶς
1874 2150 2073 2218 κατιξῆς
2095 2169 2174 2203 σοι
2192 2150 2390 2222 γράψαι.
2428 2151 2532 2205 Sed
2551 2156 2758 2205 tantum
2780 2150 2947 2214 abed,

620 2245 683 2293 ut
699 2240 827 2293 haec
850 2237 1163 2307 discipulum
1184 2233 1376 2289 Christi
1396 2233 1587 2301 fuisse,
1611 2249 1673 2287 ac
1696 2251 1803 2289 non
1823 2235 2098 2307 pleraque,
2121 2252 2242 2291 cum
2265 2236 2333 2290 ab
2355 2252 2418 2290 eo
2441 2241 2755 2308 gererentur,
2780 2235 2948 2291 ocul'n

621 2339 899 2396 usurpasse
929 2326 1150 2392 negent,
1185 2325 1245 2374 ut
1278 2321 1595 2374 contrarium
1627 2320 1799 2391 potius
1832 2319 1953 2375 hinc
1987 2322 2104 2376 elici
2125 2322 2306 2392 possit.
2368 2321 2600 2376 Verbum
2622 2321 2764 2376 enim
2786 2338 2948 2392 παρα-

622 2410 873 2464 κολουθεῖν
895 2422 1273 2477 nonnunquam
1294 2406 1360 2460 ad
1383 2420 1500 2459 eam
1521 2406 1761 2459 notitiam
1783 2406 2000 2460 refertur
2022 2422 2157 2479 quae
2189 2407 2351 2462 oculis
2379 2407 2512 2479 ipsis
2544 2424 2605 2461 ac
2637 2407 2849 2479 propria
2869 2407 2949 2460 in-

620 2495 907 2565 telligentia
929 2499 1272 2565 comparatur,
1293 2508 1399 2546 non
1421 2492 1644 2545 aliorum
1666 2492 2008 2548 sermonibus.
2043 2492 2112 2546 Ut
2133 2508 2252 2546 cum
2270 2493 2645 2548 Demosthenes
2668 2491 2719 2546 iv
2740 2495 2817 2564 τῷ
2839 2492 2949 2563 περὶ

622 2579 1020 2653 Παραπρεσβείας
1061 2579 1125 2634 de
1146 2575 1424 2644 Aeschine,
1456 2577 1605 2632 cuius
1636 2575 1693 2632 in
1723 2578 1988 2649 legatione
2008 2594 2182 2634 comes
2203 2579 2399 2644 fuerat,
2431 2580 2506 2633 sic
2526 2580 2779 2652 loquitur:
2813 2577 2897 2630 καὶ
2922 2574 2949 2630 δ

623 2669 799 2721 τούτου
832 2665 1176 2738 πονηρεύματα
1210 2662 1349 2725 εἰδὼς
1381 2662 1462 2716 καὶ
1494 2663 1945 2736 παρηκολουθηκὼς
1980 2662 2133 2717 ἅπασι
2163 2668 2441 2737 κατηγορῶ.
2489 2665 2578 2720 sie
2601 2666 2760 2737 igitur
2778 2664 2952 2720 Lucu

625 2751 806 2807 ἄνωθεν
830 2749 1308 2823 παρηκολουθηκέναι
1331 2752 1474 2803 πᾶσιν
1497 2749 1710 2821 ἀκριβῶς
1731 2749 1934 2815 dicitur,
1965 2749 2062 2804 hoc
2094 2755 2177 2804 est
2208 2757 2473 2822 comperta
2491 2752 2868 2822 explorataque
2891 2767 2953 2804 ac

625 2845 855 2912 spectata
877 2839 1036 2893 etiam
1056 2835 1320 2892 habuisse.
1357 2837 1433 2890 Ac
1453 2836 1619 2890 videri
1640 2842 1814 2907 potest
1836 2841 1889 2889 et
1909 2836 2163 2889 nonnulla
2182 2834 2266 2889 hic
2288 2837 2559 2891 antithesis
2581 2853 2722 2903 esee,
2745 2843 2807 2890 ut
2829 2851 2953 2892 cum

626 2928 889 2998 superiore
902 2940 1054 2978 versu
1071 2924 1274 2990 dixerit,
1293 2922 1713 2994 quandoquidem
1731 2921 1882 2976 multi
1899 2938 1982 2975 res
2001 2936 2034 2974 a
2051 2920 2254 2976 Christo
2273 2927 2451 2992 gestes
2468 2922 2695 2977 scrihere
2712 2922 2953 2992 aggressi

624 3020 770 3078 sunt,
792 3010 954 3072 καθὼς
972 3009 1251 3080 παρέδοσαν
1265 3007 1382 3079 ἡμῖν
1401 3007 1448 3060 οἱ
1464 3004 1548 3060 ἀπ’
1566 3006 1722 3079 ἀρχῆς
1735 3048 1750 3077 ,
1773 3008 1954 3061 statim
1969 3008 2232 3074 subiiciat,
2255 3004 2390 3069 leuen
2409 3006 2558 3079 adpo}
2575 3006 2952 3078 παρηκολουθη-

626 3100 757 3163 κότι,
779 3098 878 3151 Ιιοο
902 3106 984 3150 est
1005 3096 1097 3167 qui
1116 3112 1249 3157 non,
1270 3099 1331 3147 ut
1350 3094 1451 3158 illi,
1475 3091 1529 3146 tx
1552 3094 1874 3162 παραδόσεως
1888 3134 1902 3162 ,
1936 3091 2026 3146 sed
2050 3109 2118 3147 ex
2141 3093 2352 3164 propria
2372 3093 2425 3146 id
2447 3093 2667 3147 scientia
2687 3109 2952 3165 compere-

624 3185 739 3238 rim.
794 3182 1067 3236 Caeterum
1090 3179 1299 3232 tametsi
1323 3179 1387 3231 ad
1411 3195 1532 3231 eum
1555 3194 1767 3230 sensum
1785 3177 2162 3231 accommodari
2179 3178 2349 3232 Lucae
2368 3179 2527 3233 verba
2544 3177 2676 3233 nihil
2695 3178 2953 3250 prohibet,

625 3287 732 3324 non
754 3269 937 3322 iccirco
960 3272 1137 3318 tamen
1161 3264 1349 3318 Christi
1371 3262 1684 3332 discipulum
1705 3261 1870 3316 fuisse
1901 3269 2038 3317 certo
2071 3265 2416 3333 pronunciare
2448 3265 2643 3330 ausim,
2675 3280 2802 3318 cum
2832 3264 2953 3318 huic

626 3353 887 3409 adversari
908 3351 1196 3404 sententiae
1217 3349 1374 3419 longe
1396 3349 1569 3418 plures
1591 3346 1689 3402 PP.
1715 3348 2023 3419 intelligam.
2072 3348 2176 3403 Sed
2205 3351 2306 3403 ista
2332 3351 2763 3416 commemoravi,
2796 3357 2858 3404 ut
2886 3368 2954 3405 ne

627 3440 796 3494 Lucae
819 3438 918 3509 ipsi
942 3436 1005 3490 de
1029 3453 1086 3490 se
1107 3434 1321 3488 testanti
1341 3433 1594 3502 refragari
1616 3432 1892 3503 quisquam
1913 3432 2260 3505 Epiphaniam
2282 3436 2574 3489 arbitretur.

764 3522 854 3575 Καὶ
876 3523 1097 3592 κηρύττει
1119 3521 1358 3590 πρῶτον]
1398 3518 1594 3571 Lucam
1609 3518 1667 3570 in
1686 3516 1855 3573 Gallia
1871 3519 2219 3589 praedicasse,
2242 3522 2444 3587 nullus,
2467 3521 2604 3591 quod
2620 3523 2809 3587 sciam,
2834 3539 2953 3593 pro-

629 3610 771 3665 didit.
807 3612 976 3678 Atque
997 3606 1137 3661 haud
1160 3606 1266 3659 scio
1291 3621 1360 3658 an
1380 3603 1607 3658 Galliam
1623 3603 1939 3676 Cisalpinam
1961 3606 2244 3677 intelligat,
2267 3622 2361 3677 per
2382 3623 2541 3677 quam
2563 3607 2618 3660 in
2633 3605 2952 3662 Dalmatiam

632 3696 1005 3765 Graeciamque
1027 3692 1361 3746 contenderit.
2219 3741 2230 3746 -

766 3780 998 3851 Κρίσσης,
1024 3778 1183 3848 φησὶν,
1208 3775 1256 3830 ἔν
1280 3781 1338 3848 τῇ
1360 3775 1588 3847 Γαλλίᾳ]
1625 3776 1735 3829 lino
1755 3774 1817 3837 εἰς
1839 3775 2066 3828 Γαλλίαν.
2102 3776 2239 3832 Nam
2252 3778 2411 3848 vulgo
2429 3775 2493 3838 εἰς
2511 3777 2770 3830 Γαλατίαν.
2808 3779 2956 3843 Quae

630 3873 713 3921 est
741 3866 1095 3919 vetustissima
1127 3868 1179 3916 et
1212 3864 1501 3916 certissima
1530 3862 1711 3926 lectio,
1749 3862 1991 3933 quicquid
2026 3861 2253 3916 affirmet
2283 3862 2621 3935 Epiphanius.
2689 3863 2859 3929 Quam
2902 3871 2957 3920 et

629 3953 887 4007 Eusebius
910 3952 943 4004 l.
966 3969 1047 4005 111.
1072 3949 1203 4002 nist.
1228 3966 1270 4002 c.
1296 3967 1390 4013 nn,
1424 3947 1712 4017 Chrysost„
1747 3948 2075 4012 Ambrosius,
2099 3947 2450 4003 Theodoretus
2485 3964 2548 4002 ac
2571 3949 2760 4004 Graeci
2781 3958 2836 4004 et
2855 3951 2957 4005 La-

629 4040 729 4092 tini
760 4053 941 4091 omnes
972 4041 1283 4105 agnoscunt.
1340 4033 1651 4103 Quanquam
1681 4050 1786 4086 non
1821 4034 2010 4087 desunt
2039 4035 2130 4105 qui
2160 4051 2252 4104 per
2285 4034 2528 4086 Γαλατίαν
2562 4036 2700 4107 apud
2733 4036 2956 4091 Paulum

632 4123 860 4177 Galliam
898 4121 1214 4191 intelligant,
1255 4126 1315 4172 ut
1351 4117 1722 4174 Theodoretus.
1793 4118 2118 4172 Crescentem
2161 4136 2282 4173 vero
2318 4120 2601 4175 Galliarum
2641 4127 2695 4176 et
2718 4121 2958 4177 Galatiae

633 4210 823 4280 pariter
844 4208 1139 4278 apostolum
1160 4205 1349 4268 fuisse,
1374 4203 1484 4256 Ado
1507 4204 1563 4256 in
1585 4203 1799 4273 Martyr.
1815 4223 1863 4256 v.
1881 4203 1995 4257 Kal.
2018 4204 2113 4258 Iul.
2134 4209 2188 4256 et
2207 4205 2262 4256 in
2285 4204 2540 4260 Chronico
2560 4212 2798 4272 testatur,
2821 4215 2884 4261 ut
2904 4215 2958 4262 et

631 4294 780 4347 Rom.
806 4294 1017 4361 Martyr.
1039 4308 1251 4346 novum.
1299 4290 1459 4344 Vetus
1483 4289 1624 4341 enim
1649 4289 1884 4342 Galatiae
1907 4289 2162 4342 duntaxat
2181 4291 2432 4345 meminit.
2477 4291 2544 4345 Et
2569 4297 2706 4345 certe
2729 4293 2958 4347 dubitari

632 4383 829 4450 potest,
851 4384 1027 4431 utrum
1045 4393 1151 4430 non
1173 4375 1329 4430 modo
1349 4374 1624 4439 Crescens,
1650 4373 1743 4428 sed
1763 4375 1846 4427 vel
1870 4375 2003 4428 alius
2028 4375 2300 4444 quisquam
2312 4415 2326 4441 ,
2349 4392 2443 4446 per
2462 4376 2555 4430 illa
2575 4382 2814 4449 tempora
2832 4378 2955 4433 Gal·

630 4464 715 4517 liis
738 4464 995 4532 evangelii
1014 4464 1184 4516 lucem
1204 4460 1507 4532 importarit.

768 4547 829 4601 N.
852 4565 945 4602 xn.
992 4546 1128 4599 Μετὰ
1148 4546 1237 4613 τὴν
1261 4545 1412 4598 αὐτοῦ
1436 4542 1532 4596 ἀπὸ
1558 4548 1642 4611 τῆς
1668 4541 1910 4615 librum]
1957 4543 2069 4598 Nou
2100 4546 2259 4615 igitur
2288 4547 2342 4599 in
2365 4546 2547 4601 Patmo
2571 4548 2778 4618 scripsit
2800 4565 2955 4605 evan-
