3185 5219
2460 354 2594 414 CVII

274 525 467 563 annum
488 526 594 582 quo
617 510 888 589 Augustus
913 509 1043 564 obiit
1062 510 1337 565 convenire
1359 509 1683 580 1101001,κᾶ
1705 509 1772 564 ad
1795 509 1989 566 Tiberii
2014 515 2214 576 111.,111
2231 508 2459 566 Lucidus
2483 512 2595 565 alii·

274 613 371 666 que
405 595 790 660 demonstrant;
828 596 922 666 qui
952 595 1051 650 1100
1084 601 1352 666 praeterea
1392 594 1731 661 confirmant,
1769 612 1942 665 neque
1983 612 2046 648 00
2087 612 2192 665 quo
2232 601 2471 650 mortuus
2516 602 2598 652 est

271 681 536 751 Augustus
559 697 727 747 anno,
758 698 929 752 neque
957 682 1195 752 sequenti
1217 682 1379 736 ullam
1402 682 1527 737 solis
1550 681 1772 752 eclipsin
1796 682 2064 736 accidisse.
2112 680 2428 737 Crediderim
2449 684 2595 753 equi

273 767 385 821 dem
405 767 629 822 Dionem
665 768 791 822 solis
825 768 1083 822 defectum
1112 785 1205 839 pro
1228 767 1400 821 lunari
1422 784 1514 837 per
1538 767 1943 837 imprudentiam
1965 766 2229 822 habuisse.
2274 766 2409 822 Nam
2430 770 2589 839 paulo

272 860 387 923 post
404 853 637 923 Augusti
656 861 880 908 mortem
899 855 1028 908 luna
1049 854 1260 920 defecit,
1284 853 1428 924 Sept.
1451 871 1617 909 nvn.
1631 894 1645 917 ,
1667 853 1816 907 cuius
1840 870 2001 925 supra
2022 853 2372 910 meminimus,
2427 853 2595 919 Quam

270 954 388 992 vero
410 939 545 994 falsa
567 940 637 994 sit
655 940 1124 1011 Middelburgensis
1156 940 1249 994 illa
1278 940 1410 993 ratio
1444 944 1591 1010 patet
1609 955 1680 992 ex
1704 955 1766 992 eo
1791 939 1929 1009 quod
1952 954 2112 1009 supra
2134 940 2475 996 constitutum
2498 948 2594 1006 est,

272 1024 565 1095 Augustum
586 1041 725 1080 anno
747 1026 979 1097 vulgaris
1003 1042 1155 1081 aerae
1178 1043 1311 1091 m„
1334 1043 1440 1080 non
1464 1044 1574 1091 xv„
1611 1031 1876 1080 mortuum
1900 1041 2033 1079 esse.
2079 1024 2148 1078 At
2170 1025 2378 1096 eclipsis
2399 1026 2490 1079 illa
2511 1044 2595 1080 so-

273 1111 335 1164 lis
366 1110 519 1165 tertio
554 1118 675 1182 post
707 1112 819 1166 eius
856 1113 1055 1168 obitum
1089 1128 1227 1166 00110
1261 1112 1498 1182 contigit.
1566 1112 1796 1182 Augusti
1818 1128 1940 1166 vero
1969 1116 2193 1165 mortem
2224 1111 2281 1164 in
2312 1111 2595 1166 triennium

271 1198 583 1251 summoveri
603 1214 701 1251 nec
721 1197 937 1252 Haedis
968 1215 1247 1264 annorum,
1282 1214 1379 1252 nec
1410 1198 1577 1268 ipsius
1600 1198 1850 1268 Augusti,
1883 1202 2126 1251 accurata
2156 1198 2475 1268 computatio
2499 1214 2596 1252 nec

269 1281 628 1337 historicorum
652 1284 927 1338 consensio
948 1283 1215 1355 permittit.
1262 1284 1337 1338 Ac
1361 1284 1409 1337 si
1424 1299 1606 1338 verum
1631 1289 1785 1346 esset,
1810 1283 1949 1353 quod
1971 1281 2162 1337 Paulus
2186 1283 2467 1349 contendit,
2489 1302 2594 1340 11οο

271 1368 501 1434 biennio,
526 1369 622 1423 sed
644 1370 891 1436 triennio,
915 1370 1200 1440 Dionysius
1224 1368 1572 1424 hallucinatus
1595 1369 1745 1424 foret.
1781 1368 1981 1439 Quippe
2004 1368 2145 1422 idem
2166 1384 2337 1423 annus
2361 1369 2451 1439 qui
2472 1368 2595 1423 Dio-

272 1454 417 1523 nysio
440 1472 549 1510 xiv.
575 1460 679 1520 est,
712 1473 796 1508 xv.
831 1456 898 1508 ab
929 1455 1153 1509 Eusebio
1188 1463 1506 1521 numeratur,
1541 1455 1681 1525 quod
1713 1455 1759 1508 is
1789 1455 2018 1509 natalem
2042 1452 2234 1508 Christi
2266 1455 2509 1508 coniiciat
2539 1456 2594 1508 in

271 1556 460 1594 annum
484 1541 695 1594 tertium
721 1541 926 1612 Olymp.
953 1556 1155 1606 exona,
1190 1558 1294 1612 quo
1331 1542 1512 1596 eodem
1545 1557 1684 1595 anno
1708 1540 1920 1594 ineunte
1943 1555 2066 1593 aera
2089 1538 2279 1594 Christi
2299 1539 2597 1596 Eusebiana

271 1625 471 1680 initium
492 1625 680 1692 habet,
715 1627 915 1681 10110110
939 1646 1060 1683 nv.
1074 1668 1088 1693 ‚
1122 1628 1447 1697 Dionysiana
1469 1643 1590 1682 vero
1616 1626 1855 1698 sequenti
1880 1644 2019 1682 xxm.
2068 1625 2263 1680 Verum
2283 1626 2348 1681 de
2370 1627 2597 1697 Augusti

270 1716 321 1764 et
339 1711 556 1766 Herodis
579 1713 731 1767 0111110
748 1730 874 1767 mox
899 1712 1171 1768 dicendum
1194 1714 1306 1769 erit.

362 1915 853 1973 EXCUTIUNTUR.
884 1919 972 1972 EA
1008 1919 1187 1984 QUAE
1222 1917 1578 1978 ADVERSUS
1615 1917 2091 1974 DIONYSIANAM
2122 1917 2362 1973 AERAM
2396 1919 2493 1973 Ex

776 2005 1061 2060 IOSEPHO
1096 2005 1322 2061 NUPER
1356 2004 1561 2059 OBIICI
1598 2003 1858 2058 COEPTA
1894 2003 2089 2058 SUNT.

396 2142 647 2197 Omnium
671 2159 806 2213 quae
827 2144 1080 2215 superiori
1104 2146 1273 2216 capite
1298 2143 1639 2198 disseruimus
1663 2159 1726 2196 00
1751 2159 1957 2197 summa
1976 2143 2134 2208 redit,
2168 2148 2229 2197 ut
2250 2144 2297 2197 si
2329 2144 2447 2214 quis
2470 2145 2591 2199 Dio·

265 2229 540 2298 nysianam
562 2245 738 2283 aeram
762 2246 821 2283 ac
844 2247 1177 2285 communem
1198 2232 1333 2285 tueri
1347 2230 1489 2295 velit,
1511 2231 1808 2284 necessario
1831 2228 1960 2283 haec
1982 2228 2244 2284 affirmare
2267 2229 2468 2296 debeat,
2493 2232 2593 2301 pri·

264 2331 408 2367 mum
431 2315 547 2368 eius
572 2316 779 2369 initium
800 2332 938 2370 011110
963 2316 1163 2371 Iuliano
1188 2335 1331 2371 xnvr.
1365 2316 1625 2388 coepisse,
1657 2314 1716 2370 0.
1742 2314 1965 2369 0000010
1996 2320 2050 2368 01
2068 2315 2230 2372 Paulo
2258 2331 2419 2382 coss„
2452 2333 2515 2371 ac
2547 2318 2595 2371 si

263 2401 503 2471 proxime
526 2405 648 2455 ante
669 2402 982 2473 principium
1004 2418 1152 2456 aerae
1176 2409 1358 2457 natum
1380 2419 1497 2455 0000
1521 2400 1786 2455 Christum
1814 2401 2103 2467 existimet,
2135 2401 2188 2454 id
2221 2418 2359 2456 anno
2392 2403 2595 2458 Iuliano

262 2504 383 2541 nv.
410 2486 770 2553 tribuendum,
805 2504 940 2541 coss.
964 2487 1203 2542 Cornelio
1226 2489 1447 2543 Lentulo
1481 2492 1534 2541 et
1566 2486 1848 2559 Calpurnio
1869 2487 2084 2542 Pisone:
2119 2487 2304 2542 deinde
2333 2487 2597 2543 Christum

262 2587 431 2627 annos
466 2576 652 2626 natum
683 2589 874 2628 novem
906 2580 959 2627 et
979 2574 1167 2645 viginti
1200 2575 1267 2628 ad
1292 2574 1610 2645 baptismum
1634 2573 1942 2639 accessisse,
1975 2591 2112 2629 anno
2135 2573 2327 2629 Tiberii
2351 2592 2456 2630 xvi.
2472 2616 2486 2641 ,
2509 2575 2597 2631 Vi-

262 2660 399 2712 nicio
423 2663 479 2712 et
497 2658 737 2730 Longino
762 2677 896 2714 coss.
919 2661 1130 2714 ineunte
1154 2662 1431 2715 tricesimo,
1477 2661 1587 2714 Hac
1621 2676 1730 2714 una
1757 2661 1959 2713 ratione
1982 2659 2181 2714 biennii
2205 2661 2595 2732 μεταχρονισμὸς

261 2746 349 2798 1110
373 2744 597 2798 devitari
618 2751 815 2816 petest,
848 2762 1003 2817 quem
1028 2746 1263 2817 Scaliger
1286 2748 1501 2817 eiusque
1525 2752 1806 2801 sectatores
1829 2745 2111 2810 obiiciunt3
2143 2746 2235 2815 qui
2267 2746 2475 2817 quidem
2505 2764 2594 2801 ne-

262 2831 491 2884 cessario
522 2832 778 2901 sequitur,
809 2832 856 2885 si
886 2832 1109 2886 Lentulo
1134 2849 1195 2885 ac
1217 2833 1519 2886 Marcellino
1544 2849 1677 2886 coss.
1700 2832 1902 2885 Iuliano
1927 2848 2079 2886 xum.
2103 2836 2286 2884 natum
2311 2849 2427 2886 esse
2451 2831 2594 2887 Chri-

260 2922 401 2970 stum
426 2933 633 2971 asseras
647 2956 662 2982 ‚
687 2922 740 2971 et
759 2917 955 2972 Tiberii
976 2937 1060 2972 xv.
1076 2959 1089 2983 ,
1112 2918 1315 2971 iuliano
1332 2936 1511 2973 nxxrv.
1525 2958 1540 2983 ,
1565 2918 1749 2971 aetatis
1772 2932 1897 2970 suae
1920 2916 2184 2971 tricesimo
2205 2917 2312 2971 iam
2337 2918 2595 2985 absoluto,

262 3003 477 3057 ineunte
499 3020 622 3057 vero
646 3003 908 3057 tricesimo
929 3005 1124 3075 primo,
1149 3005 1465 3076 baptizatum
1488 3004 1670 3058 fuisse.

398 3089 467 3141 Et
486 3087 739 3142 hactenus
765 3090 976 3160 quidem
998 3096 1136 3145 recte
1160 3091 1452 3145 communis
1478 3105 1600 3144 0010
1622 3089 1897 3161 procedere
1920 3088 2104 3160 potuit.
2151 3088 2257 3143 Sed
2279 3106 2415 3144 nova
2437 3107 2596 3161 quae·

264 3176 383 3228 dam
417 3180 541 3228 ante
571 3174 666 3229 hos
686 3176 877 3246 viginti
911 3191 1077 3230 annos
1112 3177 1281 3230 eidem
1313 3176 1512 3230 moveri
1543 3176 1899 3230 controversia
1930 3176 2112 3246 coepit.
2154 3174 2290 3230 Nam
2315 3178 2404 3246 qui
2437 3178 2492 3230 in
2515 3176 2594 3231 Io-

263 3260 410 3331 sephi
433 3261 730 3331 gravissimi
751 3262 1020 3333 scriptoris
1048 3262 1320 3316 historiam
1353 3263 1654 3333 diligentius
1688 3263 2061 3328 incubuerunt,
2096 3277 2317 3332 eamque
2351 3279 2470 3316 cum
2493 3263 2596 3321 Ro-

264 3347 435 3401 manis
444 3346 716 3400 „historicis
740 3348 1128 3403 accuratissime
1152 3350 1505 3415 contulerunt,
1541 3348 1729 3403 eruditi
1750 3349 2070 3419 solertesque
2093 3347 2424 3418 chronologi,
2444 3350 2595 3405 facile

266 3432 712 3503 deprehenderunt
732 3450 839 3487 non
864 3434 1073 3489 biennio
1097 3436 1293 3500 solum,
1317 3435 1409 3488 sed
1433 3440 1486 3487 et
1506 3422 1846 3505 quadriennio
1860 3474 1875 3499 ,
1899 3435 1983 3487 vel
2004 3435 2361 3504 quinquennio
2376 3474 2390 3500 ,
2412 3452 2594 3491 verum

269 3517 457 3572 Christi
490 3519 722 3573 natalem
755 3520 1144 3590 anticipandum
1179 3537 1319 3587 esse,
1351 3521 1399 3574 si
1420 3537 1545 3574 vera
1566 3526 1692 3574 sunt
1714 3536 1848 3590 quae
1870 3520 1938 3573 ab
1958 3520 2064 3573 illis
2087 3518 2345 3575 historicis
2369 3521 2595 3592 produn-

267 3610 362 3658 tur.
409 3604 708 3676 Disputavit
731 3621 793 3658 ea
816 3605 879 3658 de
900 3623 957 3659 10
980 3607 1176 3676 primus
1200 3607 1435 3661 omnium
1459 3606 1715 3660 Dekerius
1736 3611 1941 3669 noster3
1976 3607 2124 3660 cuius
2149 3606 2461 3660 sententiam
2484 3622 2593 3660 am-

266 3691 451 3759 plexus
476 3695 558 3743 est
579 3695 634 3743 et
653 3691 932 3744 illustravit
953 3693 1235 3762 plurimum
1258 3693 1511 3763 Keplerus
1532 3692 1756 3761 insignis
1777 3691 2176 3745 mathematicus
2198 3692 2331 3745 libro
2356 3691 2419 3745 de
2441 3693 2592 3746 Anno

263 3774 462 3841 Natali,
495 3783 549 3829 et
578 3775 634 3829 in
664 3775 877 3846 Eclogis
910 3776 1269 3847 ChronologiS.
1339 3776 1507 3842 Quam
1546 3777 1756 3830 illorum
1799 3778 2096 3848 opinionem
2128 3777 2342 3847 dignam
2374 3776 2594 3830 arbitror

263 3877 397 3931 quae
422 3863 581 3915 etiam
604 3866 760 3931 atque
783 3862 944 3915 etiam
965 3863 1333 3928 consideretur,
1362 3864 1637 3933 indignam
1669 3868 1806 3916 certe
1829 3878 1987 3933 quam
2011 3880 2127 3916 cum
2153 3863 2267 3916 eius
2291 3867 2469 3915 autore
2493 3861 2593 3915 De-

260 3946 405 4003 kerio
422 3947 503 4000 vir
524 3946 644 4017 pius
670 3953 722 3999 et
744 3947 974 4002 eruditus
995 3965 1128 4019 pene
1149 3948 1394 4004 hostilem
1416 3949 1473 4002 in
1496 3948 1713 4003 modum
1734 3950 2104 4019 proscriberet,
2126 3954 2379 4018 tanquam
2399 3963 2592 4001 novam

262 4040 315 4085 et
335 4033 404 4085 ab
426 4048 530 4085 usu
550 4032 710 4085 totius
734 4033 984 4087 ecclesiae
1006 4038 1275 4088 remotam.
1322 4034 1435 4104 Ego
1458 4050 1580 4088 vero
1607 4049 1798 4087 novam
1831 4051 1947 4088 esse
1980 4034 2188 4105 quidem
2217 4034 2364 4086 illam
2396 4048 2494 4086 nec
2525 4033 2592 4086 ab

261 4119 491 4188 antiquis
516 4124 822 4189 usurpatam
843 4119 1018 4185 video,
1043 4119 1207 4190 quod,
1231 4125 1293 4175 ut
1314 4119 1508 4173 dictum
1530 4125 1637 4185 est,
1662 4136 1968 4190 persuasum
1990 4118 2242 4173 hactenus
2266 4123 2407 4171 esset
2428 4118 2593 4171 omni-

263 4204 358 4257 bus
383 4203 651 4271 Christum
683 4205 870 4258 aetatis
902 4220 1040 4259 anno
1071 4206 1332 4260 tricesimo
1354 4205 1677 4276 baptizatum
1700 4223 1839 4272 esse,
1872 4223 2039 4276 neque
2070 4204 2357 4275 particulae
2380 4199 2488 4263 ὦςεὶ
2510 4220 2592 4256 ra-

262 4289 455 4343 tionem
479 4289 763 4344 admodum
786 4290 1061 4356 haberent,
1097 4293 1345 4346 ecclesiae
1368 4308 1490 4345 vero
1523 4290 1729 4345 decreto
1767 4292 1859 4345 ulli
1880 4292 1966 4345 vel
1997 4290 2262 4344 autoritati
2282 4304 2591 4360 repugnare,

261 4375 315 4428 id
337 4381 640 4430 constanter
662 4392 818 4447 nego.
864 4376 983 4431 Non
1017 4379 1157 4432 enim
1192 4384 1486 4449 temporum
1518 4393 1878 4449 annorumque
1911 4376 2067 4430 tricas
2091 4376 2218 4428 istas
2244 4390 2304 4428 00
2328 4376 2592 4442 minutias,

263 4467 354 4514 aut
370 4462 766 4516 intervallorum
789 4468 947 4533 atque
970 4463 1283 4533 epocharum
1307 4461 1548 4534 ἀκρίβειαν
1572 4469 1723 4516 curat
1743 4463 2010 4527 ecclessia,
2043 4461 2136 4514 sed
2171 4467 2376 4531 recepta
2407 4478 2468 4514 00
2500 4478 2591 4532 po-

262 4547 427 4616 pulari
450 4548 925 4619 computandorum
944 4554 1239 4619 temporum
1261 4549 1461 4603 ratione
1485 4555 1731 4602 contenta
1752 4554 1847 4602 est.
1883 4547 2010 4613 Quis
2033 4547 2172 4601 enim
2195 4552 2343 4617 putet
2363 4552 2593 4602 veterem

260 4631 402 4690 illam
423 4649 689 4693 annorum
710 4634 780 4693 ab
802 4635 928 4691 orbe
950 4634 1159 4691 condito
1183 4650 1443 4690 summam
1466 4650 1498 4688 0
1521 4632 1839 4691 Graecorum
1859 4634 2094 4690 sontibus
2126 4631 2398 4701 haustam,
2433 4650 2592 4705 quam

2645 1948 2689 1989 p.
2707 1938 2796 1981 11⁹.
