3185 5219
1617 411 1628 448 a
2295 400 2494 456 CXXX
2500 400 2576 455 lX

251 560 489 615 videlieet
509 559 562 617 5.
594 560 674 613 15.
702 558 814 614 158.
830 599 844 625 ,
875 557 1208 630 deprehendit
1234 557 1400 612 Niaan
1430 557 1556 611 anni
1584 556 1821 611 hodierni
1853 556 2084 627 cmnputi
2109 555 2286 620 4010„
2315 571 2503 626 nempe
2525 554 2575 609 6.

256 646 331 702 10.
356 646 474 700 620.
489 685 505 712 ,
539 646 604 700 de
633 663 739 716 que
772 646 817 698 si
852 645 1130 699 deducatur
1162 642 1429 698 character
1451 662 1527 697 vrr
1548 643 1835 708 mensium,
1867 641 2158 695 remanebit
2176 641 2313 695 'Pieri
2339 641 2578 696 eiusdem

251 733 369 786 anni
394 731 442 785 2.
474 731 555 786 17.
581 731 701 784 469.
746 730 894 801 cycli
916 745 1044 784 ccxx
1066 731 1172 783 iam
1195 731 1360 801 elapsi
1382 736 1552 794 erant,
1588 743 1810 799 quorum
1833 727 2101 782 character
2122 726 2173 780 7.
2201 727 2276 780 12.
2300 726 2415 782 265.
2440 728 2504 781 de
2527 728 2577 781 2.

256 818 330 872 17.
357 817 478 872 469.
502 817 754 870 deductus
777 817 1023 886 relinquit
1042 816 1268 886 primum
1291 815 1428 869 Tisri
1451 815 1499 869 2.
1525 815 1575 870 5.
1603 814 1718 869 204.

379 902 655 957 Postremo
678 901 740 957 R.
760 902 915 956 Hillel
935 902 1178 973 princeps
1202 917 1340 954 anno
1366 899 1556 955 Christi
1572 900 1710 966 344„
1732 901 1883 954 annis
1901 913 2035 954 xcm
2059 900 2127 952 ab
2150 899 2295 952 obitu
2317 897 2578 954 Samuelis

250 994 525 1060 utramque
548 988 830 1042 factionem
852 987 1127 1041 conciliare
1150 987 1364 1040 studens
1377 1026 1391 1052 ,
1412 992 1475 1040 ut
1495 991 1722 1040 veterem
1740 987 1903 1040 Mosis
1926 984 2202 1056 epocham,
2227 1000 2360 1055 quae
2382 991 2464 1038 est
2485 1004 2574 1040 vn.

250 1074 479 1139 Octobr„
503 1080 557 1129 et
578 1091 770 1127 novam
787 1073 1084 1143 Sosigenis,
1108 1089 1243 1143 quae
1259 1078 1340 1126 est
1362 1071 1678 1143 xxiv.Sept.,
1701 1072 2141 1143 complecteretur,
2165 1077 2293 1141 quot
2308 1071 2435 1124 anni
2455 1087 2576 1124 con-

250 1165 448 1232 gruunt
468 1160 654 1215 diebus
677 1178 777 1214 xm
801 1160 1124 1231 προηγήσιως
1146 1158 1456 1227 σεληνιακῆς,
1494 1158 1583 1229 qui
1613 1159 1749 1212 inter
1771 1176 1914 1211 mv.
1932 1158 2077 1228 Sept.
2101 1163 2155 1211 et
2176 1174 2266 1212 vn.
2285 1156 2397 1210 Oct.
2422 1158 2578 1210 inter-

247 1247 365 1300 iecti
398 1251 549 1312 sunt,
584 1250 665 1299 tot
697 1263 864 1299 annos
898 1246 964 1298 ab
998 1244 1146 1298 initio
1183 1244 1413 1316 computi
1445 1245 1530 1298 sui
1563 1243 1628 1296 ad
1659 1243 1789 1298 illud
1809 1249 2016 1315 tempus
2039 1243 2356 1309 numeravit,
2389 1258 2578 1313 nempe

247 1332 396 1386 4104.
414 1372 429 1397 ,
452 1337 515 1385 ut
536 1331 593 1385 in
614 1331 705 1386 lib.
726 1349 783 1386 ιι.
808 1331 871 1384 de
893 1330 1109 1385 Emend.
1131 1330 1301 1383 fusius
1325 1331 1620 1401 exponitur,
1646 1330 1737 1384 ubi
1757 1329 1833 1383 ita
1853 1329 2114 1400 proditum
2138 1334 2241 1382 eet:
2281 1328 2578 1382 Institutam

247 1418 383 1471 circa
417 1433 618 1471 annum
639 1416 756 1470 344.
789 1417 1059 1487 periodum
1092 1433 1349 1470 annorum
1372 1416 1522 1471 6916.
1561 1416 1729 1469 ductis
1763 1414 1822 1468 13
1856 1415 1913 1468 in
1942 1416 2117 1485 cyclos
2149 1414 2275 1467 solis
2310 1430 2372 1467 ac
2405 1414 2576 1468 lunae.

248 1502 407 1557 Cuius
430 1502 631 1574 periodi
655 1519 824 1556 annus
846 1502 997 1555 4105.
1022 1503 1121 1555 init
1142 1517 1279 1555 anno
1304 1501 1497 1555 Christi
1520 1501 1652 1567 344„
1676 1501 1825 1570 cyclo
1846 1500 2002 1553 lunae
2024 1499 2234 1554 Iudaico
2259 1519 2315 1565 r.,
2339 1501 2577 1554 Romano

246 1607 322 1643 ιιι.
338 1629 351 1653 ,
388 1588 517 1642 solis
543 1606 670 1642 xm.
685 1627 699 1652 ,
735 1604 838 1658 quo
876 1587 1083 1658 quidem
1118 1604 1378 1642 annorum
1412 1587 1581 1658 spatio
1605 1586 1876 1657 προήγησις
1897 1585 2093 1639 lunaris
2114 1586 2254 1639 facta
2275 1591 2357 1639 est
2376 1585 2576 1640 dierum

250 1673 311 1728 13
332 1672 449 1728 hor.
474 1674 543 1738 1.,
569 1689 702 1743 quae
719 1673 782 1727 de
799 1673 866 1726 37
886 1672 1068 1727 diebus
1083 1712 1096 1738 ,
1121 1674 1210 1743 qui
1232 1689 1266 1727 a
1286 1673 1502 1728 Kalend.
1524 1672 1668 1743 Sept.
1686 1670 1977 1736 fluxerunt,
2001 1670 2256 1735 detracta,
2279 1672 2580 1742 relinquunt

245 1759 356 1813 dies
380 1759 463 1812 24.
532 1759 731 1812 Eodem
763 1774 901 1812 anno
935 1757 1200 1812 character
1222 1758 1359 1813 Tisri
1391 1775 1424 1811 a
1452 1757 1665 1811 meridie
1694 1756 1777 1812 23.
1795 1757 1939 1829 Sept.
1962 1757 2186 1827 contigit
2204 1756 2314 1811 hor.
2340 1757 2416 1812 10.
2443 1758 2577 1823 204.,

245 1846 357 1898 sive
378 1844 587 1898 Iudaico
612 1844 678 1897 ab
702 1844 851 1898 initio
877 1846 1044 1898 noctis
1069 1844 1180 1900 hor.
1201 1844 1250 1897 4.
1275 1843 1415 1909 204„
1440 1844 1569 1897 feria
1586 1843 1634 1896 2.
1679 1842 1885 1896 Primus
1908 1849 2082 1896 autem
2105 1844 2240 1913 cycli
2263 1859 2432 1897 annus
2455 1859 2578 1898 neo-

244 1931 477 1984 meniam
494 1930 631 1983 Tisri
653 1930 836 1984 habuit
859 1947 891 1983 a
913 1930 1127 1983 meridie
1144 1948 1214 1982 vr.
1234 1929 1346 1984 Oct.
1370 1928 1480 1984 hor.
1504 1930 1583 1984 11.
1612 1928 1746 1993 204.,
1769 1930 1880 1983 sive
1903 1928 2109 1982 ludaice
2130 1928 2180 1983 5.
2205 1929 2337 1995 204„
2359 1930 2489 1983 feria
2505 1931 2577 1995 2.,

244 2033 385 2070 anno
408 2015 609 2086 periodi
629 2016 727 2072 Iul.
750 2016 868 2071 953.
883 2055 896 2081 ,
933 2016 1061 2069 adeo
1086 2022 1145 2069 ut
1166 2014 1431 2092 character
1454 2015 1591 2068 Tisri
1613 2015 1685 2068 sit
1706 2015 1754 2070 2.
1778 2015 1829 2070 5.
1855 2014 1996 2080 204.,
2021 2031 2157 2085 quae
2178 2015 2328 2069 radix
2353 2022 2436 2070 est
2457 2032 2577 2070 neo·

244 2105 539 2156 meniarum
560 2103 792 2156 omnium
810 2101 1154 2167 Iudaicarum,
1172 2097 1424 2173 Tekupha
1441 2117 1561 2155 vero
1579 2100 1693 2157 hor.
1708 2101 1756 2156 9.
1771 2105 2031 2155 nocturna
2047 2102 2160 2167 fuit,
2180 2101 2277 2155 hoc
2298 2109 2378 2156 em
2393 2103 2443 2155 7.
2461 2103 2510 2157 9.
2526 2103 2580 2157 0.

412 2255 836 2311 REFBLLITUR
868 2255 1368 2312 SCALIGERIANA
1401 2255 1744 2310 DOCTRINA
1779 2256 1872 2309 DE
1905 2256 2088 2310 ANNO
2122 2256 2414 2311 IUDAICO.

379 2360 523 2414 Haec
544 2364 627 2412 est
641 2359 1031 2430 Scaligerianae
1054 2360 1319 2414 doctrinae
1343 2376 1573 2427 summa,
1601 2377 1735 2431 quae
1757 2361 1915 2414 meris
1937 2361 2251 2415 coniecturis
2275 2377 2336 2414 ac
2360 2362 2577 2416 somniis

248 2445 439 2499 referta
461 2462 640 2500 seeum
663 2446 780 2517 ipsa
803 2446 1068 2499 conciliari
1091 2463 1196 2499 non
1222 2452 1408 2517 potest.
1449 2445 1621 2517 Atque
1643 2452 1704 2500 ut
1723 2447 1893 2518 primo
1915 2448 2031 2502 loco
2055 2447 2182 2500 illud
2205 2447 2579 2518 expendamus,
2629 2473 2672 2513 p.
2690 2461 2786 2504 156.

248 2531 387 2602 quod
410 2547 479 2584 ex
502 2531 640 2602 Isag.
661 2531 856 2585 Canon.
876 2531 1095 2585 allatum
1119 2537 1224 2597 eet,
1248 2532 1295 2584 si
1316 2533 1511 2602 templo
1537 2530 1706 2586 adhuc
1726 2538 1899 2586 stante
1915 2532 2241 2604 Hipparchea
2263 2534 2387 2586 anui
2410 2534 2581 2588 forma

252 2634 285 2670 a
306 2618 513 2671 ludaeis
537 2618 766 2671 admissa
791 2624 894 2683 est,
919 2635 1077 2690 supra
1094 2635 1254 2689 quam
1272 2619 1535 2689 Calippica
1555 2619 1799 2689 periodus
1823 2621 1973 2673 annis
1991 2637 2151 2673 nxxvr
2175 2636 2452 2673 excessum
2475 2622 2580 2673 col·

248 2704 365 2772 ligit
384 2702 499 2758 hor.
519 2703 568 2757 5.
592 2703 732 2769 760„
768 2704 820 2757 id
854 2709 935 2757 est
966 2705 1188 2774 singulis
1223 2704 1800 2758 enneadecaeteridibus
1835 2704 1945 2759 hor.
1973 2705 2015 2756 1.
2038 2704 2155 2757 485.
2187 2700 2242 2757 et
2274 2711 2393 2775 post
2417 2720 2577 2759 occrv

249 2803 415 2841 annos
438 2804 606 2841 unum
628 2788 735 2842 fere
758 2789 895 2842 diem
913 2830 926 2856 ,
957 2790 1190 2861 profecto
1221 2806 1390 2860 neque
1415 2789 1684 2860 Galippica
1711 2795 1762 2843 et
1784 2789 2113 2843 Alexandrea
2132 2790 2376 2860 periodus
2400 2792 2464 2844 ad
2488 2807 2578 2844 an·

247 2890 371 2927 num
394 2890 563 2945 usque
588 2873 779 2927 Christi
801 2875 919 2945 plus
942 2876 1119 2928 minus
1141 2875 1258 2928 344.
1282 2880 1483 2928 retenta
1505 2881 1612 2939 est,
1646 2892 1815 2945 neque
1849 2875 2067 2928 biduum
2097 2876 2227 2929 illud
2256 2876 2577 2947 προηγήσιως

246 2960 543 3023 intervenit,
573 2960 971 3032 inducendaque
994 2962 1170 3015 omnia
1192 2962 1294 3014 ista
1317 2966 1440 3013 sunt
1464 2976 1599 3030 quae
1623 2963 1677 3014 in
1701 2961 1846 3014 libris
1871 2960 1934 3013 de
1956 2960 2170 3014 Emend.
2195 2962 2392 3032 passim
2414 2962 2578 3015 incul-

245 3052 443 3109 eantur,
476 3045 837 3116 imprimisque
870 3047 1174 3117 scrupulosa
1209 3047 1298 3100 illa
1331 3052 1384 3099 et
1416 3047 1579 3099 anxia
1612 3064 1643 3098 v
1666 3046 1974 3117 paschatum
1996 3063 2058 3100 ac
2081 3047 2332 3118 postremi
2355 3065 2578 3119 σταυρω-

246 3130 392 3200 σίμου
416 3130 709 3201 inquisitio,
736 3146 867 3201 quae
890 3133 946 3185 in
969 3151 1039 3186 vr.
1063 3133 1195 3187 libro
1219 3133 1542 3203 proponitur,
1567 3133 1738 3186 otiosa
1761 3140 1813 3187 et
1833 3133 2031 3186 inutilis
2057 3133 2296 3188 efficitur.

378 3215 496 3269 Iam
525 3216 654 3269 illud
689 3217 752 3271 de
783 3218 997 3271 inventa
1027 3234 1062 3271 a
1082 3218 1143 3273 R.
1162 3218 1344 3271 Hillele
1378 3219 1588 3289 periodo
1622 3220 2013 3290 conciliatisque
2035 3219 2352 3277 factionibus
2377 3220 2578 3275 duabus

246 3318 349 3372 quo
371 3301 585 3355 tandem
607 3307 787 3356 autore
812 3302 1136 3357 defenditur?
1185 3304 1407 3358 Hebraei
1430 3305 1495 3357 ab
1520 3305 1646 3358 orbe
1670 3304 1877 3359 condito
1902 3306 1967 3359 ad
1992 3304 2182 3359 Christi
2203 3308 2434 3361 natalem
2456 3308 2600 3362 Dior

246 3388 531 3458 nysiannm
554 3402 721 3441 annos
745 3394 930 3458 putant
952 3390 1062 3442 fere
1083 3388 1236 3444 3761.
1306 3389 1428 3443 Ideo
1458 3406 1594 3445 anno
1620 3390 1811 3444 Christi
1833 3391 1949 3444 344.
1974 3393 2146 3462 coepit
2165 3392 2406 3445 Iudaicus
2425 3393 2578 3447 4105.

243 3472 526 3528 Intervalla
544 3490 697 3545 perro
722 3480 1014 3545 temporum
1041 3481 1280 3529 accurate
1303 3493 1396 3545 pro
1420 3477 1631 3530 illorum
1654 3482 1811 3547 captu
1833 3477 2092 3548 descripta
2113 3483 2238 3531 sunt
2258 3479 2312 3531 in
2336 3479 2467 3533 libro
2486 3480 2577 3533 Se·

247 3559 337 3613 der
358 3558 554 3613 helam.
622 3559 701 3613 De
733 3561 1088 3614 commentitia
1116 3561 1219 3615 ista
1240 3560 1453 3632 periodo
1479 3561 1543 3614 ad
1566 3564 1840 3632 προήγησιν
1864 3561 2150 3630 σεληνιακὴν
2174 3562 2578 3635 adipiscendem,

244 3663 308 3699 ne
330 3646 553 3699 verbum
576 3644 802 3715 quidem.
850 3644 1051 3698 Viderit
1077 3661 1203 3716 ergo
1229 3647 1464 3718 Scaliger
1485 3648 1624 3701 unde
1646 3648 1792 3700 illam
1815 3650 2221 3719 exprompserit3
2244 3666 2414 3720 neque
2438 3651 2576 3703 enim

242 3731 464 3785 fundum
490 3731 603 3785 eius
626 3736 680 3784 et
700 3738 935 3784 autorem
958 3731 1156 3802 profert
1188 3734 1351 3786 ullum
1367 3774 1381 3798 ,
1415 3734 1566 3803 quasi
1599 3733 1827 3786 divinare
1861 3750 1922 3787 ac
1952 3733 2152 3804 fingere
2181 3734 2236 3787 id
2265 3735 2478 3787 >demum
2508 3737 2579 3789 sit

245 3816 521 3871 emendare
545 3823 703 3887 atque
727 3817 963 3871 ordinare
986 3822 1235 3888 tempora.
1293 3818 1606 3889 Quanquam
1628 3834 1761 3889 quae
1785 3824 1865 3872 est
1885 3818 2097 3872 tandem
2119 3820 2224 3872 ista
2245 3820 2575 3873 conciliatio?

241 3901 496 3974 Tekupha
529 3902 789 3956 Samuelis
821 3904 1138 3958 autumnalis
1170 3920 1308 3956 auno
1334 3903 1523 3957 Christi
1544 3903 1662 3959 344.
1698 3904 1879 3957 incidit
1907 3906 1963 3957 in
1987 3903 2128 3975 Sept.
2150 3923 2327 3969 xxm„
2361 3903 2471 3959 hor.
2499 3904 2574 3957 15.

241 4003 276 4041 a
297 3987 514 4042 meridie
528 4029 543 4054 ,
568 3990 679 4042 sive
701 3989 733 4043 9
756 3989 1048 4055 nocturnis,
1075 3989 1285 4060 politice
1306 4006 1430 4042 vero
1455 3989 1599 4059 Sept.
1622 4007 1765 4044 xxw.
1814 3990 1962 4060 Gyoli
1980 3990 2355 4060 praeterierant
2376 3989 2575 4042 decem-

242 4075 563 4129 novennales
599 4089 785 4140 ocxvr,
821 4075 1010 4146 quibus
1047 4074 1314 4145 προήγησις
1348 4075 1489 4127 facta
1522 4075 1720 4128 dierum
1749 4074 1835 4141 13,
1869 4075 1979 4129 hor.
2010 4076 2052 4129 l.
2126 4075 2292 4144 Igitur
2325 4073 2577 4144 Tekupha

241 4176 378 4213 anno
401 4158 576 4231 primo
600 4160 830 4231 computi
855 4160 994 4213 cadit
1014 4161 1067 4213 iu
1095 4159 1300 4213 Octobr.
1320 4178 1410 4215 vn.
1426 4200 1439 4226 ,
1463 4159 1572 4213 hor.
1599 4161 1674 4213 10.
1701 4160 1767 4213 ab
1790 4161 1938 4215 initio
1961 4161 2148 4213 noctis.
2193 4160 2295 4213 Sed
2319 4159 2450 4212 hora
2469 4175 2576 4212 una

242 4247 559 4317 negligatur.
630 4245 762 4309 Quid
785 4244 884 4300 hoc
907 4246 971 4300 ad
997 4246 1257 4300 Samuelis
1280 4245 1619 4318 Tekupham?
1688 4246 1822 4300 Nam
1857 4246 1922 4299 ad
1955 4246 2342 4299 noviluniorum
2366 4244 2572 4315 quidem

243 4331 517 4401 προήγησιν
549 4331 990 4402 investigandam,
1033 4332 1279 4402 quoniam
1310 4331 1575 4385 Iudaicam
1608 4331 1911 4385 hodiernam
1942 4337 2019 4396 et,
2060 4336 2118 4383 ut
2149 4336 2299 4400 putat
2327 4330 2575 4400 Scaliger,

240 4414 624 4487 Hipparcheam
643 4419 765 4470 anni
781 4416 1007 4470 formam
1025 4418 1238 4471 Samuel
1256 4416 1511 4482 adhibuit,
1536 4418 1793 4487 pertinere
1817 4419 1920 4470 ista
1940 4421 2189 4487 possunt,
2213 4416 2280 4468 ad
2296 4415 2571 4487 Tekuphas

245 4518 365 4555 vere
390 4501 657 4557 Samuelis
680 4501 1005 4573 indagandas
1028 4502 1159 4557 nibil
1182 4503 1393 4558 omnino
1421 4502 1718 4567 conferunt,
1752 4519 1872 4556 cum
1903 4503 1950 4555 is
1980 4500 2238 4554 Iulianum
2271 4517 2467 4555 annum
2490 4502 2571 4555 Iu·

242 4586 514 4658 iianasque
536 4586 816 4658 Tekuphas
852 4590 1127 4658 amplexus
1157 4590 1251 4653 sit,
1284 4604 1417 4659 quae
1447 4588 1648 4641 nullam
1680 4588 1875 4642 habent
1903 4587 2193 4658 προήγησιν.
2259 4585 2378 4640 Non
2400 4594 2575 4658 potest

242 4672 415 4746 itaque
440 4672 537 4728 ulli
560 4673 709 4727 alteri
726 4671 1006 4745 Tekuphae
1029 4674 1305 4728 convenire
1328 4673 1570 4744 periodus
1591 4690 1654 4728 ac
1678 4672 1950 4728 methodus
1973 4673 2089 4739 ina,
2113 4688 2272 4744 quam
2295 4673 2358 4730 R.
2377 4674 2571 4738 Addae,
