3185 5219
613 396 656 456 4
1420 404 1561 455 Ata.
1600 403 1788 455 unm
1826 404 2150 456 Ems'roLA

612 534 840 576 veterum
888 523 1045 593 magis
1089 540 1238 593 quam
1284 522 1592 592 Epiphanius
1646 533 1806 591 egeat.
1874 525 1988 594 Quo
2039 523 2090 574 in
2140 539 2324 591 genere
2369 522 2595 592 quamvis
2615 560 2632 588 ,
2692 521 2937 574 Gor-nario

610 620 887 679 praeeunte
907 648 922 670 ,
967 608 1196 660 Pet-vius
1227 622 1279 660 et
1312 617 1432 677 post
1465 625 1578 660 eum
1608 608 1886 660 Gatakerus
1922 626 2108 677 operae
2146 609 2362 677 pretium
2399 607 2645 676 fecerint,
2699 607 2939 661 immensa

610 705 779 746 tamen
815 693 1221 746 emendationum
1256 695 1436 744 messis
1473 693 1704 745 facienda
1740 704 1845 759 est,
1899 695 2183 763 priusquam
2221 693 2527 762 Epiphanius
2574 693 2671 744 sibi
2720 692 2818 761 ipsi
2850 710 2936 744 re-

609 779 814 832 stitutus
849 779 1006 832 videri
1045 779 1218 848 possit.
1288 779 1390 831 Sed
1424 779 1724 831 emendandi
1762 780 2019 847 negotium
2052 779 2102 830 in
2135 778 2417 848 Epiphanio
2452 796 2514 830 eo
2548 788 2628 829 est
2662 777 2936 843 difficilius,

610 865 747 934 quod
783 864 870 917 ille
906 863 1105 916 dicendi
1140 881 1326 933 genere
1358 864 1588 934 squalido
1626 882 1721 915 nec
1752 866 1873 915 satis
1912 865 2107 917 Graeco
2143 883 2256 916 usus
2292 876 2410 928 cst,
2445 874 2501 915 ut
2532 881 2686 933 saepe
2720 863 2934 926 dubites,

608 949 727 1019 quid
762 949 867 1014 illi,
902 950 1023 1018 quid
1057 950 1372 1002 librariorum
1406 949 1652 1001 barbariei
1686 949 2058 1001 attribuendum
2091 950 2174 1002 sit.
2244 951 2354 1001 Huc
2386 948 2603 1010 accedit,
2638 947 2775 1018 qnod
2808 947 2934 1000 scri-

607 1047 811 1103 ptores,
849 1052 910 1086 ex
944 1035 1122 1105 quibus
1155 1036 1242 1086 ille
1276 1035 1475 1099 hausit,
1511 1034 1712 1087 dicendi
1746 1053 1931 1103 genere
1963 1037 2096 1087 iuter
2128 1054 2184 1088 se
2220 1053 2367 1105 quam
2399 1033 2614 1086 maxime
2647 1034 2936 1103 discrepant

606 1132 661 1172 ct
697 1120 1057 1172 sententiarum
1092 1120 1398 1172 obscuritate
1431 1119 1567 1172 haud
1600 1137 1716 1172 raro
1751 1120 2000 1172 laborant.
2069 1120 2195 1172 Inde
2232 1121 2449 1182 factum,
2486 1130 2543 1171 ut
2573 1132 2780 1189 praeter
2809 1119 2936 1171 Cor-

605 1207 815 1270 oni-ium,
850 1206 1111 1258 Petavium
1142 1217 1196 1257 et
1216 1207 1522 1259 Gatakerum
1544 1223 1696 1258 nemo
1724 1206 1791 1257 sit
1818 1217 2062 1274 repertus,
2098 1206 2182 1275 qui
2203 1206 2534 1274 Epiphaniam
2567 1205 2819 1273 integrum
2851 1214 2936 1255 ant

606 1310 668 1343 ex
702 1303 846 1361 parte
881 1291 946 1343 de
979 1291 1223 1343 industria
1261 1301 1534 1352 tractaret,
1559 1281 1567 1288 ’
1592 1304 1746 1360 utque
1782 1309 1843 1342 ex
1878 1290 2117 1343 immensa
2153 1290 2521 1359 philologorum
2556 1306 2738 1358 grege,
2787 1306 2935 1341 exce-

603 1377 707 1446 ptis
740 1377 1048 1447 philologiae
1081 1375 1345 1439 heroibus,
1383 1373 1638 1445 scaligero
1672 1388 1726 1428 et
1763 1376 2078 1439 Casaubono,
2113 1376 2391 1446 horumque
2421 1375 2628 1428 aemulis
2666 1373 2785 1426 viris
2818 1392 2936 1425 eru-

603 1463 758 1527 ditis,
814 1480 966 1514 nemo
1003 1462 1336 1530 Epiphaniam
1373 1480 1473 1513 non
1510 1462 1627 1514 dico
1672 1461 1948 1513 accuratius
1983 1461 2285 1530 inspiceret,
2342 1461 2433 1513 sed
2468 1460 2677 1513 omnino
2730 1460 2934 1528 legeret.

603 1548 856 1618 Theologi
891 1560 1061 1600 autem
1097 1559 1250 1612 (nam
1268 1548 1368 1599 rari
1401 1548 1641 1602 exstitere
1662 1548 1854 1600 Petavii
1887 1559 1940 1600 et
1965 1547 2228 1614 Gatakeri)
2264 1545 2554 1615 plerumque
2587 1545 2710 1597 satis
2742 1546 2934 1597 habue-

601 1645 754 1697 runt,
793 1633 1071 1690 haeresium
1109 1644 1163 1685 et
1190 1632 1478 1702 dogmatum
1510 1634 1832 1702 testimonia,
1869 1645 2117 1701 utcunque
2152 1631 2348 1684 mendis
2382 1632 2564 1684 vitiata
2596 1642 2652 1683 et
2684 1631 2820 1683 male
2852 1631 2934 1681 in-

602 1717 809 1770 tellecta
830 1757 846 1781 ‚
884 1735 948 1770 ex
982 1736 1045 1770 eo
1079 1719 1278 1770 afferre.

740 1806 854 1866 Quo
890 1803 1045 1872 magis
1074 1806 1215 1866 Tua,
1251 1804 1319 1854 mi
1354 1804 1601 1868 Oeblere,
1636 1804 1885 1857 laudanda
1918 1815 1997 1856 est
2024 1804 2298 1866 industria,
2335 1801 2450 1873 qui,
2485 1819 2590 1855 non
2625 1801 2931 1854 reformida-

600 1888 666 1940 tis
701 1887 798 1957 iis,
848 1906 976 1958 quae
1013 1888 1147 1950 dixi,
1203 1890 1386 1941 criseos
1426 1889 1796 1958 Epiphaniame
1845 1890 2250 1958 impedimentis,
2307 1887 2374 1940 ad
2407 1905 2518 1939 eam
2552 1898 2607 1939 te
2653 1886 2929 1948 accinxisti,

597 1974 820 2026 subsidia
853 1974 1048 2026 naviter
1080 1975 1386 2043 explorasti,
1439 1975 1701 2043 explorata
1735 1979 1873 2029 Tuos
1907 1976 1958 2027 in
2009 1994 2121 2026 usus
2159 1973 2469 2026 convertisti.
2536 1973 2669 2026 Nam
2720 1972 2931 2040 primum

595 2060 797 2128 quidem
848 2059 1035 2112 codicis
1070 2061 1252 2112 Veneti
1304 2077 1402 2129 ope
1455 2060 1581 2112 folia
1617 2062 1923 2129 transposita
1956 2078 2070 2113 suas
2104 2060 2170 2111 ad
2204 2059 2347 2111 sedes
2398 2059 2678 2120 revocasti,
2732 2058 2931 2108 lacunas

594 2145 875 2214 explevisti.
911 2146 1151 2214 plurimos
1186 2146 1325 2198 locos
1362 2158 1629 2214 corruptos
1665 2147 1974 2215 persanasti3
2010 2164 2172 2215 neque
2209 2164 2328 2197 vero
2364 2143 2645 2217 neglexisti,
2684 2161 2816 2212 qnae
2849 2141 2930 2193 alii

596 2230 797 2283 codices
831 2249 980 2283 manu
1015 2231 1194 2300 scripti
1229 2241 1281 2282 et
1317 2231 1474 2282 editio
1509 2231 1743 2300 princeps
1776 2232 1842 2283 ad
1876 2231 2240 2284 emendandum
2277 2229 2609 2299 Epiphaniam
2644 2228 2928 2280 conferunt.

596 2316 822 2380 Deinde,
876 2334 1005 2386 quae
1038 2316 1125 2367 ille
1160 2334 1222 2368 ex
1260 2319 1466 2369 Irenaeo
1502 2329 1555 2368 et
1604 2317 1715 2368 aliis
1764 2317 2093 2385 scriptoribus
2140 2317 2333 2378 hausit,
2377 2316 2443 2367 ad
2501 2315 2704 2366 illorum
2756 2330 2928 2364 exem-

593 2400 756 2470 plaria
805 2401 1046 2470 exegisti;
1098 2419 1227 2472 quae
1277 2413 1446 2453 autem
1495 2401 1703 2454 Photius
1756 2414 1809 2454 et
1858 2403 1940 2454 alii
1993 2418 2053 2452 ex
2102 2401 2310 2463 iisdem,
2364 2401 2540 2470 quibus
2589 2399 2707 2460 ille,
2764 2398 2927 2450 fonti-

590 2484 685 2537 bus
731 2485 1054 2550 derivarunt,
1109 2505 1221 2539 cum
1271 2487 1520 2556 excerptis
1572 2487 1931 2556 Epiphanianis
1975 2487 2103 2538 scite
2158 2486 2471 2555 comparasti.
2554 2493 2625 2537 Ac
2673 2483 2717 2534 si
2768 2485 2926 2535 minus

588 2569 718 2624 haec
770 2572 938 2625 omnia
992 2590 1101 2625 cum
1156 2572 1436 2642 pulvisculo
1489 2572 1774 2636 excussisti,
1849 2583 1903 2625 at
1951 2572 2118 2625 multis
2169 2582 2336 2624 tamen
2410 2571 2636 2640 partibus
2691 2569 2927 2640 scriptori

588 2658 706 2710 Tuo
741 2658 939 2727 egregie
989 2659 1241 2729 profuisti.
1315 2660 1472 2711 Porro
1490 2696 1508 2720 ,
1563 2675 1690 2727 quae
1725 2669 1844 2727 post
1881 2658 2172 2710 Cornarium
2210 2659 2442 2711 Petavius
2483 2670 2536 2709 et
2576 2669 2782 2727 praeter
2813 2656 2927 2709 illos

586 2743 735 2813 pauci
769 2743 972 2813 quidam
1007 2745 1208 2814 ingenio
1246 2755 1299 2796 et
1347 2743 1577 2796 doctrina
1620 2744 1925 2796 excellentes
1968 2744 2062 2795 viri
2112 2743 2441 2795 coniectando
2478 2742 2755 2813 periclitati
2792 2751 2925 2803 sunt,

587 2829 727 2881 Tuos
764 2830 815 2880 in
852 2847 965 2883 usus
999 2831 1178 2882 sedulo
1214 2830 1522 2883 convertisti.
1596 2830 1821 2899 Denique
1855 2828 1963 2898 ipse
1996 2829 2133 2881 illam
2168 2829 2466 2881 emendandi
2500 2829 2766 2888 rationem,
2803 2844 2927 2896 quae

587 2914 879 2967 coniectura
926 2917 1249 2977 continetur,
1307 2927 1542 2984 expertus
1579 2934 1649 2967 es.
1738 2921 1901 2984 Atque
1950 2914 2145 2966 etiamsi
2178 2913 2431 2966 interdum
2462 2902 2681 2966 fortasse
2716 2911 2927 2965 calidior

585 2998 729 3050 fuisti
761 2998 814 3050 in
851 3001 1151 3052 coniecturis
1185 3001 1238 3051 in
1275 3011 1583 3065 contextam,
1621 3000 1707 3069 qui
1741 3000 1939 3064 dicitur,
1976 3000 2291 3070 recipiendis,
2328 3000 2489 3052 multo
2523 3010 2692 3051 tamen
2729 2996 2925 3067 saepius

584 3100 692 3135 oem
725 3101 820 3136 acu
853 3085 1078 3154 tetigisti.

723 3170 825 3221 Sed
861 3181 942 3221 est
975 3170 1182 3223 omnino
1221 3172 1449 3235 facilius,
1508 3173 1640 3223 viam
1676 3173 1738 3223 ab
1775 3171 1877 3223 alio
1912 3190 2004 3241 per
2034 3172 2150 3223 loca
2183 3189 2360 3240 aspera
2396 3181 2447 3222 et
2481 3170 2699 3223 dumetis
2734 3170 2925 3239 repleta

583 3253 802 3322 primum
837 3256 1052 3307 excisam
1086 3256 1336 3324 corrigere
1373 3268 1426 3309 et
1462 3257 1600 3326 quod
1633 3257 1699 3309 ad
1732 3257 1955 3309 laborem
2006 3256 2447 3310 consummandum
2497 3257 2641 3309 deest
2690 3256 2924 3317 adiicere,

586 3353 733 3406 quam
768 3339 985 3392 eundem
1028 3340 1295 3410 suscipere.
1373 3343 1574 3412 iniquus
1624 3353 1792 3394 autem
1827 3354 1881 3393 et
1912 3342 2174 3410 impudens
2208 3342 2313 3406 sit,
2361 3342 2445 3411 qui
2479 3342 2745 3394 difficilem
2794 3359 2922 3411 ope-

582 3440 691 3489 ram
727 3423 966 3476 laudabili
998 3426 1167 3479 studio
1200 3438 1491 3496 susceptam
1524 3427 1643 3479 ideo
1678 3427 1899 3479 cavillari
1931 3428 2130 3489 audeat,
2174 3427 2311 3498 quod
2345 3429 2420 3480 illi
2452 3426 2519 3480 ad
2551 3427 2924 3497 perfectionem

582 3508 793 3562 multum
827 3511 993 3563 adhuc
1025 3511 1171 3563 desit.
1242 3514 1423 3583 Neque
1457 3531 1579 3565 vero
1615 3531 1711 3582 ego
1748 3513 1873 3564 haec
1904 3513 2141 3565 adulandi
2177 3532 2324 3567 causa
2355 3513 2474 3568 Tibi
2507 3513 2657 3579 dico,
2705 3524 2795 3566 aut
2827 3516 2924 3577 Tu,

583 3593 704 3662 quid
738 3598 852 3648 Tuo
887 3596 938 3647 in
987 3597 1163 3649 labore
1195 3616 1426 3651 mancum
1464 3610 1516 3651 et
1563 3599 1918 3667 imperfectum
1952 3599 2049 3662 sit,
2101 3599 2227 3651 alios
2264 3599 2426 3651 celare
2459 3599 2614 3667 cupis.
2685 3599 2923 3669 Alioquin

581 3695 745 3749 neque
782 3684 863 3734 Tu
896 3701 979 3734 me
1013 3683 1080 3734 ad
1116 3685 1370 3752 symbolas
1405 3687 1457 3737 in
1495 3684 1832 3754 Epiphaniam
1866 3683 2056 3735 dandas
2089 3684 2385 3748 invitasses,
2418 3695 2506 3737 aut
2538 3702 2635 3752 ego
2670 3702 2764 3747 ea,
2800 3701 2924 3754 qnae

578 3763 707 3816 haec
752 3766 920 3818 studia
972 3767 1152 3832 decet,
1207 3769 1521 3837 ingenuitate
1557 3770 1610 3821 in
1660 3768 1951 3840 supplendis
1985 3780 2038 3821 et
2072 3770 2380 3839 corrigendis
2429 3769 2612 3838 vigiliis
2647 3770 2773 3822 Tuis
2809 3787 2922 3821 usus

580 3867 758 3903 essem.

715 3937 850 4001 Quid
883 3948 1051 3991 autem
1085 3939 1138 3991 in
1174 3940 1415 4009 symbolis
1452 3941 1575 3993 meis
1605 3941 1820 3993 maxime
1844 3939 2178 4011 spectaverim
2204 3951 2256 3993 et
2284 3938 2462 4010 quibus
2495 3939 2771 3993 instructus
2797 3941 2921 3995 sub-

576 4021 717 4074 sidiis
765 4041 848 4075 eas
897 4025 1215 4093 scripserim,
1264 4026 1398 4079 malo
1447 4027 1665 4079 lectores
1701 4045 1764 4079 ex
1809 4027 1871 4079 i'u
1907 4044 2035 4096 quae
2085 4025 2207 4078 dedi
2255 4042 2593 4095 cognoscere,
2653 4045 2809 4096 quam
2840 4027 2923 4079 bic

576 4107 887 4160 ambitiosius
921 4128 1169 4162 enarrare.
1241 4113 1306 4163 Et
1356 4112 1492 4163 istud
1527 4113 1731 4182 quidem
1769 4122 1953 4182 sponte
1987 4123 2234 4182 apparet,
2288 4129 2369 4163 me
2402 4129 2505 4164 non
2538 4110 2704 4163 solum
2739 4129 2921 4165 emen-

576 4191 764 4261 dandi,
800 4195 891 4247 sed
926 4196 1077 4247 etiam
1111 4196 1395 4248 illustrandi
1423 4197 1693 4265 Epiphanii
1727 4215 1898 4250 curam
1931 4198 2162 4251 habuisse
2178 4236 2197 4262 ,
2232 4197 2367 4268 quod
2402 4212 2613 4267 pensum
2635 4199 2716 4250 Tu
2746 4216 2778 4250 a
2805 4200 2919 4250 Tuo

574 4277 748 4331 labore
782 4278 893 4331 fere
928 4281 1196 4333 exclusisti.
1265 4279 1398 4332 Illud
1434 4298 1556 4334 vero
1592 4282 1691 4335 hoc
1722 4284 1840 4336 loco
1870 4294 2041 4335 tacere
2073 4283 2212 4347 nolo,
2248 4282 2485 4353 plurimas
2513 4282 2916 4347 emendationes,

574 4380 606 4414 a
640 4381 720 4415 me
756 4366 916 4419 factas
948 4366 1002 4417 in
1038 4365 1336 4433 Methodio,
1399 4384 1428 4418 e
1465 4367 1604 4419 cuius
1652 4368 1845 4436 scripto
1891 4366 2009 4434 περὶ
2040 4363 2373 4430 ἀναστάσεως
2412 4366 2718 4439 Epiphanius
2768 4368 2909 4439 largn

575 4450 848 4516 specimina
895 4463 1136 4520 tanquam
1169 4467 1390 4519 pannum
1424 4470 1543 4505 vere
1596 4470 1901 4523 purpureum
1954 4453 2159 4506 centoni
2191 4471 2283 4506 suo
2318 4454 2505 4518 assuit,
2536 4454 2845 4524 propediem
2876 4472 2909 4508 a

577 4547 658 4583 me
692 4534 1037 4588 confirmatum
1071 4547 1126 4588 et
1159 4536 1510 4589 illum-atum
1493 4537 1556 4589 iri
1587 4538 1645 4589 in
1668 4541 1902 4591 nathania
1920 4542 2266 4604 Platonizante,
2297 4557 2360 4590 ex
2393 4557 2494 4609 quo
2525 4558 2656 4609 quae
2691 4542 2761 4595 ad
2785 4541 2912 4612 Epi·

575 4616 816 4689 Phanium
845 4620 1211 4674 emendandum
1240 4623 1497 4692 pertinent
1525 4622 1731 4678 nonnisi
1761 4624 2046 4681 summatim
2077 4623 2314 4688 delibavi,
2346 4641 2414 4677 ne
2445 4642 2557 4679 mea
2588 4625 2749 4696 ipsius
2779 4626 2910 4682 scri-
