3185 5219
2262 408 2588 466 GLxxxlx

263 562 454 629 feisse,
479 563 569 633 qni
596 563 833 617 nondum
855 566 1190 617 emerserant.
1236 560 1370 615 Nam
1395 568 1455 616 ut
1475 577 1566 617 eos
1588 576 1746 633 quam
1771 562 2161 633 antiquissimos
2181 563 2460 629 faciamus,
2482 580 2590 618 non

261 655 380 702 ante
405 654 616 719 tempus
641 648 894 703 Antonini
915 664 1033 701 esse
1054 652 1361 718 potuerunt,
1387 648 1532 701 cuius
1556 664 1694 702 anno
1716 666 1826 702 ιιι.
1846 649 2128 702 Montanus
2151 650 2368 720 prodiit,
2391 657 2448 703 ut
2470 650 2592 703 hae·

259 734 361 787 resi
384 751 574 788 xum.
599 734 810 804 scripsit
829 732 1176 805 Epiphanins3
1212 732 1304 803 qui
1335 748 1504 786 annus
1534 733 1778 803 congruit
1798 732 1988 787 Christi
2011 750 2149 788 cur.
2194 734 2354 805 Atqui
2374 753 2472 789 nos
2494 736 2593 789 ibi·

260 818 378 873 dem
407 818 767 889 Epiphaniam
801 820 1068 873 aberrasse
1103 819 1403 883 docuimus,
1442 834 1540 872 nee
1571 824 1694 872 ante
1723 820 1921 872 Aurelii
1947 825 2154 891 tempus
2196 826 2406 874 exortos
2440 820 2592 873 Gata-

258 903 523 975 phrygas,
557 905 775 974 eiusque
805 920 943 959 anno
967 922 1041 961 ιι.
1066 910 1127 957 ut
1156 904 1337 958 scribit
1365 903 1637 959 Eusebius.
1710 903 1878 967 Quare
1899 905 2056 975 longe
2078 904 2215 959 infra
2235 904 2363 958 illud
2382 911 2591 977 tempus

258 989 576 1043 amandandi
599 996 741 1043 sunt.

395 1069 494 1137 Ὃς
517 1069 578 1141 ἣν
600 1075 783 1145 χρόνος
808 1074 930 1146 μετὰ
951 1072 1038 1142 τὴν
1059 1080 1150 1127 τοῦ
1175 1077 1396 1146 σωτῆρος
1420 1070 1700 1146 ἆνάληψιν.]
1758 1075 1912 1129 Aliud
1935 1089 2098 1145 agens
2121 1074 2441 1146 Epiphanius
2463 1074 2593 1129 haec

259 1160 488 1230 scripsit.
557 1160 676 1214 Non
700 1161 841 1214 enim
862 1166 984 1232 post
1005 1157 1259 1230 ἀνάληψιν,
1292 1158 1392 1214 hoc
1426 1166 1508 1214 eet
1539 1176 1815 1213 ascensum
1840 1159 2060 1226 domini,
2095 1161 2185 1214 sed
2206 1167 2330 1232 post
2348 1162 2462 1215 eius
2486 1159 2594 1231 γίν-

259 1263 396 1311 νησιν
429 1250 485 1298 et
514 1246 744 1299 natalem
767 1261 916 1302 xcm.
952 1246 1145 1316 elapsis
1178 1246 1331 1298 annis
1361 1244 1713 1316 Apocalypsin
1742 1244 1965 1299 Ioannes
1999 1246 2188 1316 attigit.
2256 1247 2450 1299 Verum
2479 1262 2571 1317 per

256 1332 417 1401 plexe
442 1330 726 1384 admodum
749 1331 979 1401 loquitur
1002 1329 1323 1401 Epiphanius
1338 1370 1352 1395 ,
1380 1337 1576 1384 etcum
1599 1336 1754 1384 antea
1773 1331 1927 1384 fateri
1949 1331 2091 1384 visus
2116 1332 2207 1395 sit,
2230 1330 2442 1385 Ioannis
2463 1338 2594 1385 tem-

260 1432 390 1485 pore
414 1417 620 1470 nullum
644 1414 908 1487 Thyatiris
932 1417 1215 1487 vestigium
1249 1416 1496 1469 ecclesiae
1528 1415 1871 1486 superfuisse,
1903 1433 2031 1470 mox
2062 1417 2289 1488 idipsum
2320 1424 2441 1488 post
2472 1433 2595 1489 apo-

259 1502 520 1555 stolorum
543 1518 606 1555 ac
630 1502 842 1555 loannis
866 1508 1089 1555 aetatem
1124 1501 1407 1571 contigisse
1438 1500 1585 1554 dicit:
1623 1500 1699 1553 διὸ
1735 1502 1815 1554 καὶ
1847 1499 2119 1555 ἐσπούδασε
2152 1502 2211 1553 τὸ
2235 1500 2372 1572 ἅγιον
2405 1508 2595 1573 πνεῦμα

260 1585 585 1657 ἀποκαλύψαι
607 1585 739 1658 ἡμῖν,
764 1589 870 1648 πῶς
888 1583 1063 1657 ἔμελλε
1087 1586 1364 1638 πλανᾶσθαι
1385 1584 1418 1652 ἡ
1443 1583 1679 1651 ἐκκλησία
1703 1588 1824 1657 μετὰ
1847 1586 1935 1638 τὀν
1958 1589 2141 1659 χρόνον
2158 1591 2259 1639 τῶν
2282 1586 2594 1657 ἀποστόλων,

261 1677 354 1725 τοῦ
390 1689 442 1724 τε
473 1670 706 1725 Ἰωάννου
739 1672 819 1724 καὶ
851 1674 950 1724 τῶν
984 1670 1212 1741 καθιῆςς
1249 1671 1387 1742 quod
1421 1677 1628 1742 tempus
1662 1673 1809 1726 annis
1832 1688 1967 1727 xcm
2000 1671 2122 1743 μετὰ
2152 1671 2239 1739 τὴν
2262 1677 2352 1725 τοῦ
2375 1676 2595 1744 σωτῆρος

263 1754 505 1828 ἀνάληψιν
538 1758 734 1812 definit.
802 1757 863 1811 Si
886 1756 1280 1828 cataphrygum
1311 1755 1542 1811 haeresis
1566 1773 1705 1811 anno
1729 1756 1921 1811 Christi
1944 1774 2102 1824 our„
2122 1756 2222 1811 hoc
2246 1764 2328 1812 est
2349 1758 2598 1812 Antonini

262 1861 393 1908 ιιι,
416 1843 625 1896 initium
648 1841 855 1908 habuit,
888 1848 949 1897 ut
982 1849 1163 1897 censet
1185 1840 1529 1913 Epiphanius,
1563 1841 1798 1896 Christus
1820 1848 1993 1897 sutem
2016 1859 2203 1914 passus
2228 1850 2310 1897 est
2331 1851 2385 1898 et
2403 1844 2458 1897 in
2483 1860 2597 1898 coe·

264 1929 377 1982 lum
397 1930 680 1982 subvectus
705 1944 844 1982 anno
869 1947 1068 1994 xum,
1093 1929 1175 1982 vel
1193 1946 1399 1993 xum„
1423 1928 1613 1981 additis
1638 1943 1735 1983 cm
1755 1927 1889 1981 fiunt
1910 1929 2034 1981 anni
2056 1929 2257 1983 circiter
2275 1945 2462 1995 cxxrr,
2485 1931 2599 1999 qui-

269 2014 368 2067 bus
403 2014 596 2085 elapsis
631 2012 1001 2083 Thyatirorum
1035 2015 1309 2068 ecclesiam
1340 2013 1666 2067 intercidisse
1697 2019 1869 2084 putat3
1908 2014 2049 2083 quod
2082 2030 2151 2066 ne
2182 2015 2356 2084 ipsum
2391 2015 2600 2084 quidem

266 2106 476 2170 tempus
500 2098 566 2152 ad
589 2098 980 2170 cataphrygum
1004 2100 1260 2170 orig-inem
1283 2099 1539 2154 convenit.
1577 2099 1748 2163 Quare
1767 2099 1869 2151 nisi
1890 2098 2220 2153 librariorum
2241 2103 2398 2171 culpa
2414 2101 2596 2155 vitium

268 2184 324 2238 in
347 2200 685 2239 numerorum
707 2191 862 2238 notas
885 2185 1184 2251 incurrerit,
1208 2183 1555 2257 Epiphaniam
1579 2199 1751 2237 errare
1768 2199 1982 2238 necesse
2005 2189 2099 2237 eu.

406 2268 528 2322 Κατ’
551 2268 733 2322 ἐκείνου
757 2273 970 2341 καιροῦ]
1013 2269 1192 2325 Scribe
1227 2268 1337 2322 κατ’
1361 2267 1531 2326 ἐκεῖνο.

404 2353 494 2408 Ἐν
515 2358 713 2426 χρόνοις
737 2354 1024 2425 Kimolos]
1066 2355 1342 2427 Perperam
1355 2394 1369 2421 ,
1391 2362 1451 2409 ut
1472 2370 1633 2428 supra
1654 2356 1967 2409 monuimus.
2013 2355 2146 2410 Nam
2170 2357 2270 2411 sub
2293 2356 2592 2412 Domitiano

269 2442 535 2511 relegatus
557 2447 655 2496 ost,

405 2526 468 2580 N.
493 2544 673 2581 xxxiv.
725 2527 790 2581 Oi
809 2526 930 2589 τινές
954 2525 1069 2579 εἰσιν
1093 2525 1381 2598 Ἀσσύριοι]
1449 2527 1638 2581 Persae
1666 2527 1733 2579 ad
1764 2526 2077 2599 Euphratem
2110 2528 2323 2583 minime
2345 2529 2434 2583 siti
2455 2534 2595 2586 sunt.

273 2613 376 2668 Sed
409 2612 677 2674 πλατυκῶς
711 2630 803 2685 pro
839 2615 1112 2668 Persarum
1151 2615 1368 2686 imperio
1403 2613 1586 2668 Persas
1628 2616 1911 2683 usurpavit.
1979 2614 2212 2678 Quatuor
2250 2615 2597 2681 monarchiae,

275 2713 406 2769 quae
429 2695 566 2755 Dan.
587 2717 678 2752 vn.
703 2700 872 2770 capite
895 2698 1272 2765 describuntur,
1294 2715 1463 2769 neque
1485 2704 1625 2751 recte
1648 2699 1716 2751 ab
1738 2697 2024 2769 Epiphanio
2046 2707 2350 2754 numeratae
2371 2708 2516 2765 sunt,
2546 2709 2600 2752 et

275 2784 341 2837 sd
361 2785 576 2856 Apoeal.
601 2785 776 2838 locum
799 2785 949 2838 iilum
969 2783 1098 2839 nihil
1121 2785 1335 2838 omnino
1357 2784 1572 2837 iaciunt.
1605 2783 1741 2836 Nam
1763 2782 1889 2837 haec
1910 2784 2117 2838 Ioannis
2138 2786 2253 2838 visa
2273 2785 2339 2839 ad
2360 2792 2598 2839 extrema

272 2870 456 2923 mundi
469 2877 710 2941 tempora
731 2870 1040 2935 referuntur,
1064 2870 1252 2939 quibus
1271 2887 1342 2934 ιν,
1363 2867 1463 2921 hoc
1481 2874 1562 2922 en
1577 2869 1807 2922 universi
1823 2869 2102 2922 daemones
2114 2909 2128 2934 ,
2150 2872 2431 2924 veientum
2446 2885 2595 2941 prue-

276 2957 439 3026 cipni‚
469 2957 563 3026 qni
585 2954 836 3009 hactenus
860 2955 1062 3026 affigati
1081 2955 1314 3020 fuerant,
1349 2954 1511 3007 soluti
1530 2953 1753 3007 vinculis
1776 2955 1830 3007 in
1850 2953 2064 3008 humani
2085 2956 2293 3024 generis
2314 2957 2595 3025 perniciem

274 3041 668 3111 grassabuntur.
703 3041 842 3093 Haec
865 3039 1255 3111 simplicissima
1273 3041 1377 3092 loci
1397 3038 1551 3092 huius
1575 3040 1836 3109 expositio
1855 3045 2075 3109 quatuor
2095 3041 2211 3094 illas
2228 3047 2427 3095 veteres
2449 3057 2596 3096 mon-

274 3126 478 3180 archias
505 3124 762 3190 excludit,
795 3141 931 3196 quae
965 3142 1033 3179 ne
1065 3126 1212 3196 ipsae
1245 3124 1455 3196 quidem
1487 3125 1555 3178 ab
1577 3123 1868 3195 Epiphanio
1891 3141 1955 3178 ex
1979 3124 2222 3180 historiae
2242 3128 2457 3181 veritate
2479 3144 2596 3199 pre-

273 3218 554 3283 ponuntur.
623 3209 758 3264 Nam
792 3217 852 3265 ut
875 3212 1116 3265 omittam
1137 3211 1468 3280 Assyriorum
1488 3211 1722 3281 imperii,
1754 3211 1891 3281 quod
1919 3211 2223 3282 iampridem
2252 3212 2597 3279 interciderat,

273 3299 594 3351 mentionem
627 3295 768 3367 apud
798 3295 1066 3350 Danielem
1097 3296 1208 3350 fieri
1237 3297 1436 3349 nullam
1451 3335 1465 3360 ‚
1500 3303 1641 3350 certe
1673 3296 1900 3365 proximi
1930 3297 1997 3351 ab
2032 3298 2257 3368 Assyriis
2289 3298 2431 3353 nodi
2458 3307 2596 3366 sunt,

273 3383 394 3437 inde
417 3382 716 3452 Babylonii.
763 3381 1072 3452 Quanquam
1094 3382 1338 3451 Assyrios
1352 3422 1366 3447 ,
1394 3382 1498 3435 nisi
1515 3381 1687 3447 fallor,
1717 3399 1825 3436 nen
1846 3389 2041 3438 veteres
2061 3384 2182 3438 illos
2202 3385 2450 3456 inteiligit
2469 3401 2596 3456 quo-

274 3485 390 3522 rum
425 3469 643 3522 ultimus
678 3466 1063 3538 Sardanapalus
1095 3467 1162 3521 ab
1185 3467 1386 3521 Arbace
1417 3468 1635 3538 imperio
1657 3474 1850 3522 exutus
1882 3474 1986 3534 est,
2019 3469 2111 3523 sed
2139 3471 2476 3541 posteriores,
2507 3473 2598 3542 qui

275 3556 509 3608 extincto
531 3560 704 3607 vetere
725 3554 816 3607 illo
840 3553 1264 3624 amplissimoque
1285 3568 1449 3623 regno
1473 3570 1540 3606 ex
1566 3554 1679 3607 eius
1707 3555 1872 3607 ruinis
1906 3556 2118 3608 excitati
2149 3566 2294 3622 sunt,
2324 3562 2386 3609 ut
2416 3561 2470 3609 et
2498 3555 2597 3609 Ba·

277 3639 610 3710 byloniorum
631 3639 924 3709 imperium.
976 3637 1081 3691 Sed
1104 3643 1320 3708 utroque
1342 3638 1582 3692 videntur
1605 3639 1901 3708 antiquiora
1921 3638 2187 3693 Medorum
2209 3641 2380 3708 initia,
2404 3642 2452 3695 si
2474 3641 2597 3710 quid

276 3724 510 3778 Diodoro
543 3740 607 3778 ae
632 3725 854 3778 caeteris
887 3724 1130 3778 omnibus
1162 3723 1420 3777 historicis
1449 3723 1688 3777 ereditur.
1756 3721 1873 3786 Qua
1903 3724 1965 3776 de
1998 3739 2051 3777 re
2080 3726 2158 3779 ita
2189 3727 2373 3796 paucis
2404 3728 2595 3797 accipe.

278 3811 410 3865 Cum
455 3826 525 3863 ex
575 3810 810 3864 omnium
854 3809 1016 3863 ferme
1061 3810 1373 3880 scriptorum
1406 3810 1682 3863 autoritate
1716 3813 1919 3862 constet
1950 3817 2067 3863 ente
2098 3810 2293 3880 Cyrum
2328 3819 2381 3865 et
2411 3813 2597 3866 Penas

276 3896 515 3950 maxima
546 3894 648 3948 duo
680 3895 900 3966 imperia
925 3893 1190 3959 floruisse,
1220 3894 1553 3963 Assyriorum
1585 3910 1620 3945 a
1639 3892 1776 3948 Nino
1798 3899 1852 3947 et
1870 3894 2162 3962 Medorum,
2196 3897 2390 3966 Cyrum
2420 3904 2596 3951 autem

279 3981 485 4053 olymp.
506 3997 591 4036 ιν.
619 3996 756 4034 anno
779 3979 974 4050 primo,
1005 3980 1116 4033 sive
1145 3979 1354 4033 ineunte
1368 4019 1382 4044 ,
1416 3979 1525 4032 sive
1555 3980 1729 4050 potius
1752 3979 1983 4045 labente,
2016 3982 2271 4052 coepisse,
2306 3981 2513 4047 demus,
2542 3982 2596 4035 id

277 4068 418 4138 quod
440 4065 569 4120 alibi
591 4065 1046 4130 demonstrabitur,
1079 4071 1303 4118 exeunte
1334 4080 1473 4118 anno
1501 4067 1669 4135 primo
1693 4063 1895 4137 Olymp.
1915 4082 1998 4121 ιν.
2021 4065 2211 4137 Cyrum
2232 4069 2499 4137 Astyagen
2520 4068 2597 4121 vi·

279 4154 438 4218 cisse,
474 4167 647 4205 annus
681 4150 766 4205 hic
798 4151 897 4204 erit
925 4152 982 4204 in
1016 4151 1219 4205 Iuliana
1252 4149 1461 4221 periodo
1494 4150 1675 4214 4155„
1708 4157 1830 4203 aute
1864 4150 2233 4221 Dionysianam
2267 4167 2442 4205 aeram
2476 4151 2594 4209 560.

279 4238 413 4292 Ante
436 4237 578 4291 hunc
598 4236 760 4307 igitar
782 4251 980 4290 annum
1000 4237 1328 4306 Assyriorum
1342 4235 1713 4304 Medorumque
1729 4242 1964 4306 tempora
1979 4236 2277 4291 collocanda
2292 4243 2441 4302 sunt3
2464 4253 2598 4308 quse

283 4323 350 4378 ob
370 4328 682 4377 vetustatem
704 4323 1117 4393 scriptorumque
1139 4322 1514 4375 dissensionem
1536 4336 1720 4390 parum
1753 4328 1894 4374 certa
1924 4323 2000 4375 sic
2034 4321 2315 4376 ordinanda
2333 4328 2596 4392 putamus.

281 4409 556 4463 Medorum
579 4408 855 4478 imperium
878 4406 1054 4462 Ctesia
1076 4414 1130 4461 et
1149 4406 1374 4462 Diodoro
1396 4406 1613 4459 testibus
1638 4420 1741 4460 ccc
1766 4407 1929 4461 ferme
1951 4424 2014 4461 ac
2034 4425 2147 4462 xvrr
2168 4422 2333 4460 annos
2357 4409 2594 4464 obtinuit.

284 4493 470 4566 Coepit
495 4494 660 4565 igitur
689 4508 828 4547 anno
860 4493 1085 4564 per.1ul.
1107 4491 1258 4547 3838.
1318 4492 1654 4560 Assyriorum
1686 4508 1849 4562 regno
1873 4492 2015 4545 mille
2037 4507 2097 4545 ac
2119 4498 2374 4546 trecentos
2395 4493 2597 4548 circiter

285 4596 318 4633 a
347 4579 479 4634 Belo
511 4579 818 4646 tribuimus,
855 4583 1137 4649 praeeunte
1167 4578 1226 4631 in
1259 4574 1524 4631 Chronicis
1557 4576 1801 4631 Eusebio.
1868 4576 2214 4641 Quamobrem
2245 4578 2450 4633 mitium
2482 4578 2598 4633 Beli

285 4666 531 4719 convenit
563 4680 702 4718 anno
732 4679 840 4734 per,
865 4663 1096 4717 Iulianae
1118 4661 1267 4716 2539.
1335 4661 1417 4716 Ex
1449 4662 1515 4715 iis
1547 4677 1871 4732 consequens
1904 4667 1988 4715 est
2016 4661 2287 4721 nodorum
2317 4665 2598 4734 primordia

2646 2374 2687 2413 p.
2706 2359 2799 2404 814.
