3185 5219
2419 399 2564 457 XCV

252 555 638 622 constituerent,
673 555 739 609 de
771 572 874 627 quo
906 541 1061 626 paulo
1084 561 1218 626 post.
1264 555 1476 609 Interim
1501 555 1840 627 quadrantem
1862 556 2036 621 illum,
2061 571 2216 627 quem
2239 572 2360 610 cum
2384 556 2564 610 solidis

253 640 424 695 diebus
446 642 813 696 intercalatum
846 639 1059 696 Solinus
1091 640 1340 713 prodidit,
1373 642 1621 695 attentius
1655 642 2002 712 exploremus.
2047 641 2216 696 Solini
2237 644 2395 696 verba
2416 650 2563 696 sunt:

253 725 322 779 Et
345 737 401 779 itt
428 735 617 780 natum
649 739 840 782 certum
864 731 1181 796 praeteritus
1210 731 1475 797 acciperet
1501 746 1665 793 error,
1702 730 1811 780 dies
1835 745 1944 782 xxi.
1970 737 2019 780 et
2048 730 2383 798 quadrantem
2416 730 2569 780 simul

250 814 577 867 intercalavit
589 823 682 867 etc.
728 814 820 867 Ille
845 828 971 883 ergo
995 828 1165 867 annus
1189 814 1332 867 solus
1352 827 1599 867 cccxnrv.
1619 812 1728 867 dies
1746 811 1950 879 hebuit,
1973 814 2064 866 alii
2081 812 2321 883 deinceps
2340 829 2566 868 cocnxv.

251 903 301 949 et
319 898 677 967 quadrantem.
723 898 824 963 Qui
846 898 1016 952 Soliui
1036 899 1182 952 locus
1206 904 1299 952 sut
1320 898 1530 952 insciti·
1550 899 1907 964 librariorum,
1939 905 2034 953 sut.
2063 899 2330 970 scriptoris
2351 899 2567 953 halluci-

250 984 453 1037 nstioue
474 985 615 1039 male
636 984 846 1040 habitus
871 990 965 1040 est.
1014 984 1196 1038 Annus
1221 983 1557 1038 confusionis
1579 990 1783 1055 praeter
1806 984 2094 1038 ordinarios
2113 998 2300 1039 cccnv.
2314 1024 2328 1049 ,
2359 985 2448 1055 qui
2470 984 2570 1037 fuit

252 1069 369 1122 anni
388 1069 618 1124 Romani
637 1071 851 1135 modus,
884 1070 994 1123 dies
1027 1069 1209 1123 hebuit
1237 1070 1482 1123 insititios
1505 1087 1698 1135 mxvii„
1731 1075 1790 1124 ut
1810 1070 1909 1124 Dio
1931 1075 2166 1124 testatur.
2213 1070 2307 1124 His
2338 1072 2384 1123 si
2411 1071 2568 1123 inter·

251 1154 495 1209 celarium
529 1155 925 1211 Merkedonium
967 1171 1271 1221 accensens,
1311 1155 1402 1226 qui
1441 1155 1773 1209 commodum
1810 1156 1866 1209 in
1908 1171 2028 1210 euin
2066 1171 2264 1210 sunum
2302 1154 2568 1219 inciderat,

252 1256 451 1295 sumnia
481 1241 685 1296 dierum
717 1241 1011 1296 additurum
1044 1248 1129 1294 est
1147 1256 1266 1305 xo„
1297 1242 1344 1293 si
1373 1239 1744 1295 Merkedonius
1777 1259 1954 1306 xxm„
1987 1241 2072 1294 vel
2104 1258 2346 1307 nxxxrx„
2378 1241 2425 1293 si
2456 1257 2570 1294 xxii

253 1324 509 1381 duntsxst
542 1327 784 1382 obtinuit.
865 1326 1037 1391 Quare
1070 1331 1124 1380 et
1159 1326 1493 1381 confusionis
1528 1342 1697 1380 sunus
1733 1326 1843 1381 dies
1875 1328 2107 1397 postulet
2139 1341 2421 1381 cccoxniv.
2435 1365 2449 1388 ,
2487 1325 2572 1379 vei

252 1427 540 1477 ccccxiv„
574 1417 636 1465 ut
658 1411 974 1467 Censorinus
1008 1412 1187 1467 scribit
1219 1427 1342 1483 pag.
1364 1411 1449 1467 46.
1508 1413 1680 1483 Atque
1713 1413 1791 1466 illi
1823 1411 2034 1482 quidem
2056 1411 2166 1465 dies
2189 1411 2265 1464 ite.
2287 1410 2572 1481 dispensati

252 1502 392 1562 suut,
413 1503 477 1551 ut
500 1513 622 1551 cum
644 1498 991 1564 intercalaris,
1015 1499 1125 1552 sive
1146 1496 1512 1552 Merkedonius
1527 1538 1541 1563 ,
1572 1511 1728 1552 suum
1750 1498 1806 1551 in
1828 1497 2109 1552 Februario
2130 1497 2304 1551 locum
2335 1515 2403 1550 ex
2425 1512 2571 1550 more

251 1584 457 1637 sortitus
503 1589 668 1649 esset,
711 1584 814 1638 duo
859 1583 950 1637 alii
982 1601 1187 1638 menses
1220 1584 1355 1637 inter
1387 1582 1735 1638 Novembrem
1769 1599 1830 1636 sc
1864 1583 2205 1637 Decembrem
2236 1583 2417 1636 inserti
2449 1583 2572 1647 sint,

254 1667 447 1723 dierum
468 1670 629 1724 mbo
652 1669 809 1724 simul
827 1687 988 1724 nxvn.
1002 1709 1016 1736 ,
1036 1671 1115 1724 its.
1136 1675 1195 1725 ut
1208 1669 1547 1740 peraequatio
1564 1669 1682 1740 ipss
1697 1668 1754 1722 in
1770 1669 1895 1722 enni
1916 1668 2077 1723 finem
2099 1667 2407 1722 incubuerit.
2439 1668 2574 1722 Hinc

252 1753 339 1808 ma
358 1755 634 1809 verissime
655 1756 911 1827 suspicio,
936 1754 1177 1810 Solinum
1201 1769 1486 1810 occcxmv.
1505 1796 1518 1820 ,
1541 1771 1648 1808 non
1674 1769 1922 1809 cccxnrv.
1947 1754 2233 1825 scripsisse.
2278 1752 2411 1807 Nam
2434 1752 2574 1824 quod

254 1838 357 1894 dies
378 1857 546 1895 unum
569 1845 623 1894 et
644 1841 834 1912 viginti
857 1857 977 1895 cum
998 1842 1287 1913 quadrante
1318 1841 1604 1895 secessisse
1633 1840 1783 1907 dicit,
1815 1839 1883 1894 sd
1903 1838 2296 1894 Merkedonium
2318 1840 2575 1910 respicere

253 1926 439 1995 potuit,
460 1927 554 1997 qui
570 1944 702 1984 xxii.
713 1967 728 1993 ,
753 1933 845 1980 sut
861 1945 1012 1982 xxm.
1030 1928 1213 1982 diebus
1231 1927 1521 1982 constabat.
1557 1925 1870 1996 Quanquam
1888 1924 1951 1979 de
1966 1924 2574 1995 intercslsto'quudrsnte

253 2026 431 2081 parum
452 2013 730 2068 commode
753 2012 1023 2083 scripsisse
1044 2012 1262 2068 videtur.
1316 2011 1434 2065 Non
1466 2013 1607 2066 enim
1638 2011 1951 2084 appendices
1984 2010 2142 2066 horae
2174 2011 2230 2063 in
2264 2011 2404 2065 civili
2435 2025 2573 2064 suno

254 2096 541 2152 intercalari
574 2098 830 2152 dicuntur.
899 2098 1039 2163 Quas
1073 2103 1133 2152 ut
1166 2114 1229 2152 eo
1265 2114 1426 2152 sensu
1460 2096 1642 2151 demus
1675 2097 2005 2151 intercalatus
2039 2096 2230 2162 fuisse,
2266 2097 2404 2167 quod
2437 2097 2577 2150 ulti-s

254 2197 455 2237 menses
474 2183 691 2256 diesque
713 2183 909 2239 solidos
933 2189 1280 2250 excurrerent,
1302 2199 1423 2238 cum
1439 2183 1495 2237 in
1514 2183 1639 2237 anni
1656 2181 1992 2236 Confusionis
2020 2183 2223 2236 exitum
2239 2182 2574 2253 peraequatio

255 2268 353 2321 ists
381 2271 684 2336 conveniet,
716 2285 825 2324 nou
856 2270 1029 2341 potuit
1051 2269 1244 2324 Csessr
1262 2269 1564 2342 proximum
1587 2268 1854 2322 bisextum
1883 2268 1940 2321 in
1971 2285 2052 2324 m.
2075 2268 2360 2333 Iulianum,
2392 2267 2487 2321 sed
2518 2269 2576 2320 in

258 2371 322 2408 iv.
342 2355 615 2411 ineuntem
634 2356 888 2421 indicere3
918 2361 1033 2409 tum
1064 2355 1285 2421 scilicet,
1319 2371 1440 2409 cum
1471 2354 1581 2408 dies
1616 2369 1685 2407 ex
1717 2352 2093 2424 quedl-nutibus
2124 2353 2355 2408 collectis
2377 2353 2575 2408 solidus

258 2441 521 2495 existeret:
546 2442 648 2495 etsi
663 2441 923 2514 qusdrsns
938 2442 1025 2495 ille
1042 2441 1278 2495 horarius
1294 2457 1403 2495 non
1420 2457 1539 2495 cum
1558 2439 1764 2495 duobus
1786 2440 2002 2510 reliquis
2025 2439 2320 2505 mensibus,
2343 2439 2434 2493 sed
2457 2455 2575 2493 cuin

256 2523 590 2581 Merkedonio
607 2526 955 2600 προληπτικῶς
977 2526 1189 2581 infissus
1212 2526 1314 2580 dici
1334 2531 1531 2597 potest,
1554 2531 1617 2580 ut
1636 2527 1835 2579 iustum
1858 2524 1925 2578 ed
1948 2525 2299 2596 colligendum
2324 2525 2576 2595 quadran·

258 2618 358 2666 tem
378 2614 603 2667 alterum
626 2614 854 2684 spatium
875 2628 1015 2667 enno
1037 2615 1205 2684 primo
1228 2613 1430 2667 Iuliano
1464 2615 1678 2667 ineunte
1710 2629 1828 2667 esse
1855 2612 2098 2683 potuerit.
2143 2608 2491 2666 Nihilominus
2513 2612 2577 2666 de

259 2695 351 2752 hoc
371 2697 544 2753 Solini
564 2700 679 2753 loco
702 2699 1041 2770 cogitandum
1061 2699 1287 2772 emplius
1309 2714 1513 2753 censeo.

385 2783 479 2838 His
501 2786 796 2839 necessario
819 2785 1115 2840 constitutis
1135 2799 1392 2855 negemus
1414 2800 1613 2837 annum
1634 2784 1782 2837 illum
1800 2799 1904 2853 quo
1920 2781 2172 2837 Lentulus
2194 2787 2248 2836 et
2262 2782 2577 2837 Messalinus

261 2884 385 2923 coss.
406 2869 624 2925 fuerunt
645 2870 943 2925 bisextilem
964 2870 1172 2925 fuissse.
1213 2869 1391 2926 Fuerit
1411 2870 1551 2923 enim
1574 2886 1641 2923 ex
1665 2869 1784 2921 Iulii
1806 2867 2044 2922 Caesaris
2069 2867 2416 2934 ord’mstione,
2440 2867 2580 2938 quod

260 2954 402 3009 valde
432 2956 695 3010 incertum
724 2973 843 3011 esse
873 2954 1124 3011 hactenus
1158 2955 1589 3010 monstravimusz
1624 2958 1968 3025 posteaquam
2000 2952 2210 3024 quidem
2241 2953 2307 3007 ab
2339 2955 2578 3023 Auguste

261 3046 514 3095 correctus
539 3046 621 3095 est
642 3057 810 3095 sunus
825 3082 839 3107 ,
872 3042 919 3096 si
941 3042 1009 3096 sb
1032 3058 1214 3096 eorum
1236 3041 1436 3111 aliquo,
1468 3057 1600 3111 quos
1624 3040 1895 3093 bisextiles
1913 3045 2024 3092 tum
2044 3040 2159 3110 ipse
2181 3054 2342 3109 quam
2363 3040 2582 3110 posteri-

259 3130 335 3179 tss
356 3128 531 3182 omnis
554 3126 761 3193 hebuit,
785 3133 920 3182 retro
943 3144 1213 3193 numeres,
1243 3143 1499 3198 negamus
1522 3131 1840 3190 constanter,
1869 3125 2168 3179 bisextilein
2189 3141 2311 3178 eum
2334 3141 2450 3179 esse
2474 3141 2578 3195 quo

262 3211 517 3268 Christum
553 3214 609 3266 in
637 3214 810 3267 lucem
843 3213 1038 3268 editum
1071 3214 1299 3269 Annales
1330 3212 1667 3267 ecclesiastici
1696 3211 2023 3267 confirment.
2079 3210 2200 3266 Fuit
2228 3209 2312 3265 liic
2344 3211 2579 3266 Iulianus
2660 3258 2673 3271 .

259 3314 427 3365 nm„
463 3300 558 3369 qui
591 3298 915 3370 Olympiadis
940 3314 1117 3355 cxciv.
1154 3315 1292 3354 suno
1325 3299 1494 3370 primo
1528 3299 1740 3352 lsbente
1774 3298 1968 3369 coepit,
2003 3298 2071 3351 ab
2094 3296 2233 3351 Urbe
2257 3295 2478 3352 Condita.
2511 3315 2581 3352 ex

260 3383 581 3439 Varroniano.
602 3385 871 3457 putatione
892 3400 1072 3440 nccm.
1108 3386 1169 3440 In
1192 3384 1394 3439 Iuliane
1412 3401 1568 3456 porro
1589 3384 1829 3455 periodo,
1855 3400 1959 3454 que
1981 3383 2110 3437 nihil
2133 3382 2200 3437 sd
2221 3385 2582 3438 extricandam

261 3467 650 3541 chronologiam
673 3471 991 3541 expeditius,
1013 3488 1121 3525 non
1144 3470 1306 3524 ulium
1323 3487 1521 3525 amium
1539 3477 1760 3541 occupet
1780 3486 1938 3541 quem
1954 3469 2106 3524 4711.
2123 3509 2137 3534 ,
2159 3471 2308 3539 cyclo
2329 3471 2455 3524 solis
2473 3488 2582 3534 vir„

260 3555 410 3610 lunxe
432 3572 588 3611 xviri.
602 3595 616 3621 ,
643 3555 818 3609 indict.
842 3574 879 3609 i.
902 3573 937 3608 s
957 3556 1224 3622 Isnusrio,
1261 3572 1293 3609 a
1315 3556 1610 3628 Septembri
1630 3572 1753 3609 vero
1777 3574 1835 3610 11.
1881 3554 2029 3619 Quod
2052 3554 2260 3624 quidem
2282 3572 2389 3610 non
2412 3556 2582 3609 conie-

263 3645 416 3706 ctura,
440 3641 536 3695 sed
560 3641 999 3695 demonstratione
1022 3643 1218 3696 nititur.
1259 3642 1499 3696 Mortuus
1527 3646 1610 3695 est
1630 3641 1900 3710 Augustus
1925 3639 2102 3694 Sextis
2123 3640 2326 3695 duobus
2350 3658 2500 3706 coss„
2525 3646 2584 3695 ut

264 3729 492 3781 oninium
516 3742 779 3781 consensu
803 3728 1283 3798 exploratissimum
1308 3733 1410 3793 est,
1434 3743 1572 3782 enno
1597 3726 1751 3779 Urbis
1774 3725 1892 3781 763.
1937 3728 2069 3779 Ante
2098 3728 2428 3781 consulatum
2449 3728 2582 3780 Sex·

264 3816 427 3866 torum
442 3853 458 3879 ‚
500 3813 550 3865 si
592 3818 732 3866 retro
776 3829 1043 3879 numeres,
1085 3815 1234 3884 paris.
1263 3819 1388 3867 sunt
1426 3813 1639 3866 omnino
1670 3812 1942 3865 consulum
1973 3828 2089 3876 xvi,
2121 3811 2442 3882 proindeque
2474 3830 2582 3865 xvi.

265 3912 454 3952 uinum
478 3898 795 3952 anteriorem
815 3904 1074 3969 occupant
1093 3899 1347 3952 Lentulus
1370 3902 1423 3951 et
1442 3896 1776 3951 Marcellinus
1799 3910 1931 3950 coss.
1976 3896 2204 3967 Insignis
2235 3914 2389 3969 porro
2413 3912 2581 3950 annus

264 3983 347 4037 ille
362 3986 548 4039 mortis
568 3985 793 4055 Augusti
809 3983 910 4038 fuit
925 3985 1081 4038 lunae
1100 3983 1325 4055 deliquio
1339 4023 1353 4049 ,
1379 3982 1516 4053 quod
1534 3996 1620 4036 xi..
1646 3981 1728 4035 die
1751 3982 1818 4035 ab
1842 3980 1955 4036 eius
1981 3983 2126 4036 obitu
2148 3984 2427 4052 contigisse
2449 3982 2583 4034 inter

266 4068 609 4141 chronologos
632 4074 854 4134 constet,
876 4070 1033 4141 idque
1055 4069 1407 4139 Dionysimc
1430 4082 1581 4121 serae
1606 4083 1744 4121 enno
1770 4084 1894 4131 xiv„
1917 4068 2065 4137 cyclo
2088 4067 2214 4121 solis
2236 4085 2407 4133 xxm„
2427 4068 2584 4120 lunxe

264 4171 370 4220 xv„
402 4155 550 4228 Sept.
573 4173 738 4209 xxvii.
771 4154 902 4209 ferie
924 4174 998 4220 v.,
1028 4155 1180 4209 litere
1201 4154 1336 4208 dom.
1364 4154 1435 4219 G,
1465 4154 1697 4207 Iulianae
1727 4153 1927 4225 periodi
1946 4151 2097 4205 4727.
2162 4150 2312 4216 Quod
2343 4153 2388 4205 si
2418 4166 2583 4206 annos

264 4239 381 4295 inde
402 4241 726 4296 subtraxeris
743 4259 850 4295 xvi.
862 4281 876 4306 ‚
898 4241 1130 4311 reliquus
1149 4241 1248 4294 erit
1261 4239 1412 4293 4711.
1423 4278 1437 4304 ,
1461 4256 1565 4310 quo
1582 4254 1717 4293 coss.
1737 4238 1883 4292 fuere
1900 4238 2148 4291 Lentulus
2167 4242 2221 4289 et
2235 4237 2583 4293 Marcellinus.

268 4323 362 4389 Qui
382 4328 429 4380 si
445 4327 710 4380 bisextilis
725 4326 938 4391 fuisset,
962 4343 1130 4381 annus
1156 4326 1223 4379 eb
1248 4342 1309 4379 eo
1327 4343 1431 4378 xri.
1456 4325 1670 4394 perinde
1689 4325 1956 4377 bisextum
1979 4321 2262 4375 habuisset.
2298 4321 2391 4375 Est
2410 4329 2584 4378 sutem

268 4425 415 4465 serae
435 4418 649 4466 nostram
672 4430 805 4477 xiv„
840 4427 901 4465 ac
931 4418 1053 4483 post
1081 4411 1376 4466 bisextilem
1406 4409 1690 4475 secundun
1719 4411 1882 4479 igitur
1904 4414 1959 4460 et
1980 4421 2148 4460 annus
2170 4407 2286 4474 ille,
2321 4424 2424 4479 quo
2448 4410 2586 4463 Mar·

269 4497 425 4551 celliis
457 4504 513 4551 et
540 4497 793 4552 Lentulus
828 4513 961 4552 coss.
986 4503 1156 4563 erent,
1190 4496 1450 4550 bisextilis
1479 4512 1586 4549 non
1619 4495 1735 4550 fuit.
1782 4494 1926 4547 Idem
1950 4510 2016 4546 ex
2041 4491 2409 4563 olympiadum
2430 4502 2483 4551 et
2502 4495 2584 4550 Iu-

267 4580 525 4636 lisnorum
556 4598 813 4637 snnoruin
848 4584 980 4638 serie
1013 4584 1295 4638 deducitur.
1341 4581 1478 4635 Nem
1510 4596 1632 4635 cum
1662 4580 1866 4634 Lentuli
1898 4585 1952 4633 et
1972 4578 2261 4634 Marcellini
2289 4583 2584 4636 consulet-s

268 4665 497 4723 Iulianus
534 4670 602 4723 sit
638 4686 788 4723 nm.
802 4709 816 4734 ,
857 4669 1140 4723 Sextorum
1174 4682 1295 4723 vero
1331 4666 1550 4723 duorum
1587 4668 1655 4720 sit
1698 4666 1929 4719 Iulisnus
1963 4684 2097 4729 ux„
2147 4664 2389 4738 idemque
2437 4684 2586 4721 serso
