3185 5219
601 395 862 466 (50ch

603 567 728 620 bum
750 565 1071 619 Nazaraeum
1094 565 1329 618 extitisse
1353 565 1476 618 dicit
1505 566 1727 636 ideoque
1761 565 2001 618 carnibus
2034 580 2094 617 ac
2122 565 2241 617 vino
2276 567 2606 634 temperasse.
2676 561 2815 632 Ergo
2840 577 2925 615 ne·

601 670 703 724 que
736 651 1032 723 paschalem
1068 667 1294 720 agnum,
1329 668 1498 721 neque
1531 652 1778 722 poculum
1814 657 2050 703 extrema
2082 651 2174 703 illa
2206 666 2368 703 coena
2400 649 2640 718 sumpsit.
2712 647 2928 701 Caetera

599 738 726 793 nihil
750 754 938 792 moror.
978 737 1084 789 Nec
1110 737 1333 789 diffiteor
1355 737 1610 789 nonnulla
1632 737 1712 788 vel
1737 738 1801 788 ab
1821 736 2115 806 Hegesippo
2140 735 2360 805 prodita,
2383 735 2464 786 vel
2488 735 2554 786 ab
2578 733 2695 786 aliis
2718 733 2927 798 inserta,

602 841 732 894 quae
755 835 940 894 parum
973 822 1264 892 probabilia
1285 822 1569 874 videantur.
1640 821 1744 874 Sed
1778 827 1944 873 totam
1977 822 2147 891 ipsam
2181 819 2451 872 historiam
2484 833 2622 888 nego
2655 824 2929 888 propterea

602 909 949 963 damnandam
969 924 1101 960 esse.
1135 907 1269 960 Nam
1286 908 1531 978 pleraque
1551 907 1604 960 in
1626 907 1718 959 illa
1734 923 1857 958 vera
1879 914 2016 970 sunt,
2041 912 2131 958 aut
2148 908 2282 958 veris
2306 910 2443 956 certe
2466 904 2748 968 simillima,
2775 920 2927 974 quae-

601 996 720 1048 dam
744 994 1093 1056 subabsurda,
1119 993 1421 1063 praesertim
1446 1008 1579 1062 quae
1604 993 1670 1045 ab
1695 992 1810 1044 aliis
1835 992 2011 1044 addita
2033 991 2257 1043 fuerunt.
2292 989 2434 1053 Quae
2459 995 2633 1042 autem
2660 1006 2928 1060 opponun-

599 1086 683 1132 tur
706 1097 739 1132 a
762 1079 1030 1149 Scaligero
1053 1093 1158 1131 non
1183 1093 1432 1148 magnum
1459 1082 1784 1131 momentum
1808 1077 1872 1129 ad
1895 1077 2033 1130 illius
2068 1075 2454 1145 infringendam
2484 1077 2822 1129 autoritatem
2855 1076 2927 1128 af·

597 1164 785 1219 ferunt.
821 1165 1052 1218 Primum
1077 1163 1203 1216 illud
1228 1169 1308 1216 est
1331 1163 1393 1215 de
1412 1162 1620 1216 Sanctis
1639 1162 1979 1227 Sanctorum,
2004 1177 2137 1231 quae
2162 1162 2298 1231 apud
2321 1161 2676 1231 Hegesippum
2700 1167 2929 1214 tantum-

598 1250 752 1304 modo
777 1257 899 1304 sunt
922 1248 1051 1319 ἅγια.
1101 1249 1279 1318 Τούτῳ
1306 1250 1462 1318 μόνῳ,
1488 1249 1673 1318 inquit,
1698 1245 1804 1314 ἐξῆν
1829 1246 1891 1308 εἰς
1917 1247 1977 1299 τὰ
2002 1246 2116 1317 ἅγια
2140 1245 2335 1308 εἰςιέναι.
2386 1246 2618 1309 Licebat,
2643 1232 2828 1317 inquit,
2852 1248 2931 1300 itti

597 1339 696 1389 soli
719 1340 770 1388 in
794 1345 977 1388 sancta
1001 1337 1206 1402 t’nqredi
1217 1374 1231 1399 ,
1263 1351 1370 1386 non
1392 1334 1572 1403 utique
1599 1333 1791 1385 Sancta
1814 1333 2122 1386 Sanctorum
2137 1373 2151 1398 ,
2184 1333 2294 1384 sive
2323 1345 2513 1384 arcana
2533 1332 2625 1384 illa
2647 1333 2928 1385 sanctiora-

601 1438 699 1491 que
734 1420 1040 1490 penetralia,
1077 1435 1209 1488 qnae
1244 1419 1342 1471 soli
1375 1418 1610 1488 pontifici
1645 1419 1805 1470 semel
1836 1419 2118 1489 quotannis
2148 1418 2418 1488 patebant,
2454 1417 2545 1470 sed
2582 1433 2714 1487 quae
2750 1423 2931 1470 sancta

600 1506 905 1577 simpliciter
924 1505 1238 1568 nominatur,
1262 1503 1316 1556 in
1337 1504 1525 1572 quibus
1542 1521 1722 1556 mensa
1735 1511 1787 1557 et
1798 1519 1959 1574 panes
1973 1504 2223 1574 propositi
2237 1519 2296 1556 ac
2316 1502 2683 1555 candelabrum
2702 1508 2755 1554 et
2772 1504 2931 1555 altare

599 1589 833 1654 suffitus3
869 1607 1023 1660 quem
1059 1592 1114 1642 in
1149 1590 1321 1642 locum
1346 1589 1635 1642 sacerdotes
1665 1590 1893 1659 quotidie
1917 1589 2118 1658 ingredi
2143 1589 2395 1643 solebant.
2465 1588 2577 1640 Huc
2599 1587 2765 1657 igitur
2785 1589 2832 1640 si
2854 1587 2929 1639 Ia-

599 1676 761 1729 cobus
786 1675 1044 1727 admissus
1070 1682 1175 1739 est,
1210 1677 1298 1745 qui
1323 1691 1416 1727 nec
1441 1675 1649 1738 Levita,
1686 1674 1875 1726 nedum
1900 1674 2141 1727 sacerdos
2166 1679 2326 1738 esset,
2356 1673 2640 1743 singularis
2663 1671 2832 1725 honor
2854 1679 2932 1726 est

602 1760 862 1813 sanctitati
886 1761 1024 1812 illius
1047 1759 1275 1813 habitus.
1344 1759 1474 1812 Cum
1511 1765 1688 1812 autem
1721 1760 1916 1812 facturn
1951 1776 2063 1811 esse
2088 1765 2196 1811 tam
2220 1759 2409 1811 vetusti
2433 1765 2486 1811 et
2508 1773 2695 1826 graves
2720 1763 2931 1811 autores

599 1851 861 1911 asserant,
898 1859 988 1898 cur
1012 1841 1205 1898 factum
1232 1846 1300 1897 sit
1323 1845 1645 1908 mirandum,
1681 1846 1761 1896 vel
1788 1844 2136 1914 quaerendum
2162 1845 2333 1913 magis
2358 1850 2464 1908 est,
2499 1859 2656 1913 quam
2690 1843 2757 1896 de
2786 1859 2932 1913 prae·

598 1931 1042 1984 stantissimorum
1076 1932 1302 1983 virorum
1339 1932 1613 1983 autoritate
1650 1930 2005 1983 dubitandum.
2056 1931 2129 1982 Ac
2164 1946 2283 1982 cum
2312 1930 2641 1999 Hegesippns
2671 1927 2788 1998 ἃγια
2819 1930 2933 1982 sola

599 2021 1079 2080 commemorasset,
1116 2016 1301 2069 caeteri
1321 2018 1417 2066 τῶν
1444 2013 1595 2084 ἁγίων
1621 2014 1947 2079 addiderunt,
1984 2020 2041 2067 ut
2064 2014 2379 2085 Epiphanius
2404 2014 2501 2067 hoc
2526 2015 2641 2067 loco
2666 2019 2719 2067 et
2744 2014 2930 2067 doctis·

599 2102 763 2154 simus
789 2101 1134 2171 Hieronymus
1159 2102 1210 2155 in
1238 2101 1507 2170 CatalogO.
1577 2100 1681 2153 Sed
1717 2100 1776 2151 τὰ
1812 2097 1925 2170 ἅγια
1961 2102 2058 2150 τῶν
2096 2098 2247 2170 ἁγίων
2283 2115 2439 2170 saepe
2466 2115 2559 2169 pro
2587 2097 2742 2168 ἁγίοις
2766 2106 2819 2152 et
2840 2116 2930 2153 ex·

600 2188 776 2240 teriori
801 2187 954 2240 domo
971 2227 983 2251 ,
1006 2185 1103 2239 hoc
1128 2191 1207 2238 est
1228 2159 1406 2254 3:³3
1439 2191 1769 2257 usurpantur,
1801 2202 1895 2238 nec
1921 2185 2089 2238 solmn
2114 2203 2206 2256 pro
2232 2189 2416 2249 ἾὮἾ,
2450 2186 2558 2237 sive
2582 2185 2784 2238 intimis
2807 2185 2930 2255 ady-

597 2272 682 2326 tis.
753 2272 839 2327 Sic
877 2272 1014 2342 apud
1049 2269 1397 2342 Epiphanium
1432 2269 1522 2323 lib.
1558 2269 1621 2322 de
1657 2288 1748 2324 xn.
1784 2271 2029 2341 gemmiS,
2076 2287 2185 2341 cap.
2224 2271 2285 2323 de
2316 2271 2627 2324 Adamante:
2666 2275 2840 2322 τοῦτον
2873 2270 2931 2324 δὲ

599 2356 760 2428 ἐφόρει
785 2355 811 2409 ὁ
837 2354 1083 2428 ἀρχιερεὺς
1108 2355 1189 2408 ὅτε
1213 2355 1459 2427 εῖςήρχετο
1483 2353 1545 2416 εἰς
1571 2354 1771 2425 ‘td-aym
1794 2358 1892 2406 τῶν
1920 2355 2086 2425 ἁγίων·
2113 2356 2212 2425 τρὶς
2233 2355 2285 2408 δὲ
2308 2360 2396 2407 τοῦ
2420 2353 2641 2407 ἐνιαυτοῦ
2665 2353 2927 2427 εἰςήρχετο,

599 2447 657 2512 τῇ
682 2440 825 2513 ἑορτῇ
850 2445 938 2494 τοῦ
965 2439 1161 2512 πάσχα,
1187 2445 1269 2508 τῆς
1296 2443 1649 2508 πεντηκοστῆς,
1676 2440 1755 2492 καὶ
1780 2444 1863 2507 τῆς
1889 2441 2234 2510 σκηνοπηγίας.
2305 2442 2414 2494 Hoc
2448 2441 2565 2494 loco
2602 2439 2662 2493 τὰ
2692 2441 2807 2512 ἅγια
2829 2445 2929 2494 τῶν

535 2564 546 2576 .
601 2526 751 2597 ἁγίων
775 2528 996 2599 primam
1018 2528 1165 2580 illam
1188 2529 1368 2598 templi
1391 2528 1648 2580 interioris
1674 2543 1733 2579 ac
1757 2528 1877 2579 tecti
1899 2532 2099 2596 partem
2125 2526 2438 2595 significant.
2491 2526 2625 2590 Quia
2655 2544 2826 2597 neque
2852 2537 2930 2581 ter

601 2615 875 2682 quotannis
899 2616 1163 2685 penetrale
1187 2614 1312 2667 illud
1338 2620 1728 2667 sacrosanctum
1752 2613 1952 2677 adibat,
1988 2612 2079 2665 sed
2103 2612 2359 2666 duntaxat
2391 2615 2575 2677 semel,
2613 2618 2665 2666 et
2699 2630 2818 2667 cum
2849 2616 2929 2667 in-

600 2699 913 2768 grederetur,
935 2701 1194 2770 pectorale
1214 2706 1535 2769 gemmatum
1556 2716 1616 2751 ac
1635 2700 1889 2769 reliquum
1917 2715 2122 2751 omnem
2146 2699 2372 2769 ponebat
2389 2704 2652 2763 ornatum,
2676 2704 2730 2751 et
2753 2701 2931 2752 tunica

604 2784 744 2836 linea
760 2785 1012 2854 lineisque
1034 2785 1397 2850 femoralibus,
1421 2803 1577 2849 zona,
1611 2785 1769 2837 cidari
1792 2785 1943 2837 lineis
1966 2785 2225 2837 utebatur.
2296 2783 2413 2836 Non
2435 2784 2582 2836 aliter
2606 2784 2667 2835 τὰ
2690 2780 2806 2853 ἆγια
2828 2787 2930 2835 τῶν

602 2867 753 2939 ἁγίων
790 2871 1015 2939 appellat
1049 2869 1446 2940 Chrysostomus
1471 2871 1611 2923 Orat.
1633 2888 1760 2925 mxu.
1787 2870 1951 2922 Tomo
1973 2884 2041 2923 vr.
2067 2870 2186 2922 edit.
2211 2869 2370 2921 Savil.
2396 2882 2519 2939 pag.
2540 2868 2683 2923 644.=
2732 2864 2929 2920 Ἐνεδό-

602 2970 724 3006 σατο
752 2952 778 3004 ὁ
803 2951 1048 3023 ἀρχιερεὺς
1073 2953 1223 3016 εἶςιὼν
1248 2955 1310 3017 εἰς
1335 2956 1395 3007 τὰ
1421 2954 1534 3025 ἃγια
1558 2956 1656 3007 τῶν
1682 2953 1834 3025 ἁγίων
1859 2955 2077 3025 ποδήρη,
2110 2953 2354 3006 τουτέστιν
2378 2951 2567 3023 ἱμάτιον
2592 2951 2688 3005 ἀπὶ)
2714 2953 2929 3023 κεφαλῆς

603 3040 748 3110 μέχρι
784 3040 951 3091 ποδῶν
987 3039 1364 3111 ἇπεωρισμένον,
1407 3038 1660 3110 ἐπωμίδα,
1708 3041 1882 3108 ζώνην,
1919 3038 2200 3109 περισκελῆ,
2238 3038 2448 3091 πέταλον
2472 3044 2708 3110 χρυσοῦν,
2745 3037 2930 3111 τιάραν,

602 3124 821 3175 τουτέστι
846 3123 1127 3193 κυρβασίαν,
1163 3124 1217 3174 τ“ο
1248 3124 1432 3195 λόγιων
1457 3124 1533 3177 ἐπὶ
1557 3131 1646 3177 τοῦ
1672 3124 1876 3192 στήθους
1902 3132 1998 3178 etc.
2066 3126 2145 3178 Ita
2177 3124 2367 3178 Fronto
2402 3132 2581 3178 noster
2614 3126 2928 3182 emendavit.

602 3208 738 3262 Nam
761 3226 855 3278 pro
879 3207 1046 3278 τιάραν
1070 3224 1338 3278 perperam
1362 3211 1551 3279 legitur
1575 3210 1620 3261 τί
1644 3207 1761 3281 ἄρα,
1788 3216 1837 3263 et
1860 3228 1953 3281 pro
1979 3210 2260 3281 κυρβασίαν,
2287 3209 2617 3281 κορυβάντιον.
2689 3211 2768 3263 Ob
2793 3227 2930 3276 eam,

603 3310 762 3364 quam
786 3292 921 3358 dixi,
953 3309 1193 3346 caussam
1221 3289 1278 3344 τὰ
1304 3292 1418 3363 ἅγια
1441 3298 1537 3345 τῶν
1563 3293 1713 3364 ἁγίων
1732 3295 2101 3365 Chrysostomo
2125 3311 2231 3348 nou
2256 3297 2356 3349 alia
2378 3300 2505 3348 sunt
2527 3312 2684 3366 quarn
2708 3296 2771 3347 τὰ
2793 3295 2927 3366 ἲιίγιειιἼ

605 3379 863 3451 quomodo
884 3384 936 3431 et
953 3379 1091 3448 apud
1106 3379 1460 3449 Hegesippum
1480 3386 1532 3432 et
1551 3381 1939 3450 Hieronymum.
1975 3378 2294 3451 Epiphanius
2317 3398 2439 3433 vero
2462 3380 2560 3434 hac
2585 3383 2929 3436 excusatione

601 3465 680 3518 uti
701 3481 808 3517 non
831 3468 1026 3534 potest,
1063 3464 1185 3533 quia
1209 3464 1270 3515 de
1294 3481 1389 3516 suo
1415 3480 1683 3535 perperam
1706 3466 1964 3531 adtexuit,
1999 3465 2127 3526 ἅπαξ
2150 3471 2237 3517 τοῦ
2260 3463 2420 3535 ἔτους,
2447 3467 2587 3536 quod
2610 3480 2816 3521 summo
2841 3485 2927 3521 sa·

605 3549 800 3603 cerdoti
822 3549 1077 3619 peculiare
1102 3549 1222 3614 fuit,
1258 3555 1317 3602 ut
1350 3549 1512 3602 semel
1531 3550 1582 3603 in
1609 3550 1802 3604 Sancta
1825 3552 2135 3605 Sanctorum
2153 3552 2522 3620 ingrederetur.
2591 3552 2776 3606 lacobo
2800 3568 2926 3607 vero

604 3636 671 3689 ob
696 3635 1034 3687 excellentem
1058 3636 1193 3688 vitae
1218 3635 1617 3688 sanctimoniam
1640 3652 1941 3690 concessum
1969 3643 2071 3701 est,
2095 3643 2154 3688 ut
2176 3636 2240 3688 ad
2265 3642 2443 3690 sancta
2465 3639 2776 3707 perveniret,
2804 3654 2925 3691 cum

603 3721 800 3790 alioqui
820 3721 978 3789 vulgo
1002 3721 1140 3773 linea
1163 3721 1298 3774 stola
1318 3721 1608 3775 vestiretur.
1645 3720 1719 3774 De
1738 3723 2016 3791 gentilibus
2042 3722 2321 3775 absurdum
2346 3726 2425 3774 est
2447 3736 2638 3791 negare
2660 3722 2779 3775 illos
2803 3736 2925 3776 cum

604 3806 719 3859 aliis
742 3806 1058 3875 temporibus
1075 3847 1087 3871 ,
1112 3822 1172 3858 ac
1197 3806 1502 3859 Iudaeorum
1526 3806 1854 3879 solennibus,
1878 3812 1989 3860 tum
2013 3824 2310 3876 azymorum
2336 3807 2545 3871 diebus,
2571 3808 2709 3877 quod
2730 3808 2923 3861 festum

601 3890 759 3961 longe
784 3888 919 3960 apud
944 3888 1161 3943 Iudaeos
1188 3892 1575 3943 celeberrimum
1601 3892 1714 3955 fuit,
1732 3892 2089 3960 Hierosolyma
2106 3891 2435 3947 confluxisse.
2470 3892 2547 3945 Ne
2563 3893 2722 3961 longe
2746 3908 2925 3946 exem-

602 3976 692 4047 pla
715 3981 980 4046 petamuS‚
1005 3975 1313 4040 Ioa11n.xn.,
1337 3975 1417 4029 20.
1462 3976 1694 4029 Gentiles
1718 3977 1820 4029 illis
1844 3978 1971 4047 ipsis
1997 3978 2297 4030 solennibus
2320 3977 2568 4031 adorandi
2591 3993 2780 4031 caussa
2801 3994 2922 4032 con·

603 4060 843 4114 veniunt:
869 4058 1044 4112 Erant
1060 4069 1220 4112 autem
1243 4063 1446 4130 quidam
1468 4064 1680 4129 yentiles
1703 4080 1763 4114 ex
1786 4066 1865 4127 iis,
1890 4067 1977 4131 qni
1998 4063 2355 4127 ascenderant,
2379 4075 2433 4116 ιιι
2457 4066 2741 4116 adorarent
2760 4069 2813 4115 in
2838 4066 2921 4116 die

594 4150 747 4216 festo.
794 4142 929 4199 Nam
965 4144 1026 4197 de
1051 4163 1126 4198 xn
1145 4146 1380 4199 tribubus
1406 4162 1563 4215 qnam
1585 4148 1757 4217 inepte
1780 4148 2087 4217 praescribit
2108 4147 2364 4218 Scaliger!
2401 4149 2505 4202 imo
2539 4149 2921 4219 propemodum

604 4230 778 4302 impie.
847 4230 907 4284 Si
941 4230 1079 4283 enim
1107 4247 1226 4284 vere
1261 4230 1481 4300 colligit,
1516 4232 1694 4286 eadem
1729 4234 1927 4285 ratione
1960 4232 2331 4286 hallucinatum
2356 4234 2602 4287 Iacobum
2627 4234 2921 4303 apostolum

606 4317 844 4387 excipere
867 4320 1050 4385 potest,
1076 4316 1165 4386 qui
1189 4318 1468 4369 canonicae
1491 4316 1737 4387 epistolae
1760 4318 1836 4369 ita
1856 4318 2119 4388 praefatus
2144 4325 2247 4371 est:
2302 4320 2521 4371 Iacobus
2544 4321 2631 4371 den·
2662 4328 2713 4371 et
2731 4322 2923 4371 άοηιίηι·

607 4406 766 4453 nostri
788 4400 903 4453 Iesu
928 4401 1121 4453 Christi
1149 4418 1343 4464 servus,
1378 4402 1635 4453 duodecim
1658 4402 1905 4467 tribubus,
1938 4421 2067 4472 quac
2097 4413 2214 4456 sunt
2239 4409 2294 4456 ιἰι
2317 4407 2653 4474 dispersione,
2682 4406 2915 4460 ‘salutem

606 4483 737 4537 Item
760 4486 872 4538 Act.
889 4502 995 4550 xx„
1019 4484 1067 4537 6.
1111 4484 1302 4539 Paulus
1324 4486 1398 4538 ita
1417 4486 1672 4555 loquitur:
1718 4486 1791 4539 Et
1813 4505 1941 4538 nunc
1964 4492 2017 4539 in
2040 4506 2151 4558 spe,
2177 4507 2304 4558 quae
2329 4490 2403 4541 ad
2414 4498 2598 4558 patres
2620 4498 2816 4543 πουὲνοσ
2835 4506 2917 4542 re-

604 4572 951 4639 promissionis
960 4574 1121 4638 sac-ta
1145 4581 1218 4623 est
1239 4591 1272 4622 α
1298 4573 1410 4634 deo,
1445 4575 1541 4622 isto
1575 4572 1766 4624 indicio
1799 4572 2075 4635 subiectus,
2111 4577 2165 4624 in
2188 4590 2334 4642 qnam
2360 4576 2621 4627 duodecim
2646 4577 2806 4627 m'bus
2829 4593 2915 4627 no·

608 4662 748 4706 serae
771 4661 910 4704 nocte
931 4670 998 4704 ac
1021 4655 1105 4707 die
1128 4656 1456 4709 deservientes
1477 4665 1689 4725 sperant
1702 4659 1985 4725 pervenire.
2026 4656 2271 4722 Quamvis
2294 4658 2433 4711 enim
2456 4658 2711 4713 abductae
2734 4659 2911 4714 decen
