3185 5219
386 1704 396 1714 .
415 1676 503 1716 203.

558 320 878 378 CLXXXIV

553 477 902 548 poenitentiae
923 477 1239 547 provinciam
1260 478 1402 531 velut
1421 478 1686 548 propriam
1708 495 1769 531 ac
1793 478 2107 548 peculiarem
2136 476 2459 547 sumpsisset.
2493 475 2656 543 Nihil,
2680 475 2881 546 opiner,

555 561 653 615 hac
675 568 854 615 nostra
877 564 1171 615 coniectura
1201 562 1332 632 fingi
1364 563 1686 633 probabilius
1719 568 1908 634 potest.
1974 562 2125 616 Nunc
2156 568 2219 615 ut
2245 560 2520 632 Epiphanii
2542 566 2881 631 ventumque

556 649 620 701 de
651 648 815 701 tribus
846 646 1176 718 paschatibus
1211 648 1385 718 opinio
1418 649 1589 718 magis
1623 649 1925 714 illustretur,
1964 648 2173 701 brevem
2205 648 2537 717 evangelicae
2568 646 2881 701 narrationis

556 735 744 789 seriem
767 734 833 786 ad
855 734 1061 787 illorum
1085 734 1355 787 intervalla
1377 734 1616 804 dirigam.

557 938 1175 994 EVANGELISTARUM
1201 938 1544 993 NARRATIO
1575 938 1664 992 AD
1693 938 2030 992 EPIPHANII
2057 936 2493 993 SENTENTIAM
2519 937 2609 992 DE
2631 936 2882 992 TRIBUS

1176 1024 1638 1079 PASCHATIBUS
1674 1023 2255 1079 AGCOMMODATUR.

687 1164 812 1217 Post
834 1163 1152 1232 baptismum
1175 1168 1228 1215 et
1249 1181 1318 1216 ιι.
1343 1162 1545 1216 dierum
1573 1162 1827 1215 ieiunium
1857 1177 1921 1215 ea
1944 1163 2278 1231 contigerunt
2299 1178 2434 1232 quae
2453 1161 2634 1215 Ioaun.
2652 1181 2689 1216 r.
2712 1162 2885 1231 capite

556 1254 827 1302 narrantur
852 1248 914 1301 de
938 1249 1294 1317 apostolorum
1317 1249 1604 1303 vocatione.
1676 1248 1800 1301 Inde
1832 1250 2047 1317 nuptiae
2078 1248 2131 1300 in
2157 1246 2301 1300 Cana
2324 1246 2588 1301 Galilaeae
2620 1247 2801 1301 Ioann.
2824 1265 2884 1301 u.

555 1351 720 1404 nsque
755 1334 820 1387 ad
853 1350 1059 1386 comma
1096 1334 1173 1389 13.
1210 1334 1415 1403 quando
1452 1332 1815 1403 Capharnaum
1850 1348 1972 1385 cum
2002 1334 2113 1386 suis
2146 1332 2408 1403 profectus
2439 1339 2535 1386 est.
2620 1332 2723 1386 Ubi
2759 1349 2887 1387 cum

553 1420 733 1488 paucis
763 1419 946 1472 diebus
970 1418 1224 1472 haesisset
1248 1418 1536 1472 Galilaeam
1574 1418 1727 1482 obiit,
1762 1419 1938 1488 ibique
1969 1417 2284 1487 praedicavit
2314 1418 2643 1488 evangelium
2666 1417 2792 1473 Luc.
2812 1436 2884 1473 ιν.

555 1521 687 1559 com.
717 1505 794 1557 14.
857 1503 1205 1557 Nazarethum
1227 1506 1401 1574 petiit,
1428 1504 1517 1558 ubi
1541 1503 1914 1574 propemodum
1938 1519 1972 1556 a
1994 1503 2192 1556 civibus
2218 1503 2417 1556 occisus
2440 1508 2537 1559 est.
2607 1504 2731 1557 Post
2754 1502 2886 1556 baec

555 1590 821 1659 apostolos
846 1590 1018 1642 denuo
1041 1590 1245 1643 vocavit
1265 1590 1426 1643 Marc.
1445 1608 1482 1653 1,
1510 1590 1588 1643 16.
1661 1589 1956 1658 lterumque
1989 1604 2275 1641 conscensa
2307 1589 2429 1641 navi
2449 1588 2661 1642 Petrum
2683 1606 2747 1641 ac
2769 1606 2886 1642 cae·

553 1682 691 1729 teros
717 1674 783 1726 ad
806 1690 920 1727 sese
943 1676 1209 1744 pertraxit.
1257 1675 1393 1727 Tum
1418 1673 1784 1745 Capharnaum
1803 1675 1947 1727 venit
1968 1674 2129 1728 Marc.
2149 1693 2194 1737 r,
2219 1674 2299 1726 21.
2325 1674 2447 1730 Luc.
2468 1693 2539 1738 ιν,
2562 1674 2645 1726 31.
2700 1672 2805 1728 Ubi
2827 1676 2885 1728 iu

557 1775 832 1829 synagoga
854 1760 1248 1812 daemoniacum
1273 1765 1431 1813 curat.
1501 1759 1627 1812 Inde
1650 1759 1787 1812 Petri
1810 1776 2016 1813 socrum
2051 1775 2112 1811 ac
2134 1760 2412 1829 leprosum.
2482 1759 2728 1829 Sequitur
2748 1760 2887 1813 Mut-

555 1844 693 1897 thaei
715 1844 916 1897 vocatio
939 1843 1124 1897 Matth.
1143 1863 1235 1909 rx„
1259 1845 1420 1898 Marc.
1440 1862 1516 1908 u.‚
1540 1844 1664 1899 Luc.
1687 1863 1735 1897 v.
1793 1844 1904 1897 Sub
1932 1843 2058 1898 haec
2084 1843 2388 1897 accedentes
2408 1844 2619 1899 Ioannis
2642 1844 2888 1915 discipuli

558 1946 676 1983 cum
699 1929 988 1983 Pharisaeis
1012 1931 1348 2000 expostulant
1369 1947 1488 1983 cum
1513 1948 1575 1985 eo
1595 1930 1735 2000 quod
1751 1931 1917 2002 ipsius
1936 1929 2176 2000 discipuli
2190 1930 2404 1983 minime
2423 1930 2725 1985 ieiunareut.
2759 1930 2889 1984 inde

556 2016 781 2085 primum
803 2014 997 2086 pascha
1018 2022 1138 2086 post
1159 2016 1478 2086 baptismum
1499 2015 1680 2070 loann.
1698 2035 1757 2071 11.
1826 2014 2050 2069 Necesse
2082 2022 2163 2068 est
2184 2016 2325 2087 enim
2346 2015 2525 2069 multis
2549 2020 2707 2069 antea
2729 2015 2887 2069 mira-

558 2102 689 2154 culis
713 2101 864 2154 editis
887 2119 948 2154 ac
970 2102 1353 2171 praedicatione
1378 2107 1563 2172 coepta
1584 2101 1834 2154 claruisse
1858 2100 2151 2166 dominum,
2184 2106 2242 2154 ut
2269 2117 2334 2155 ex
2360 2100 2628 2154 Nicodemi
2650 2102 2889 2155 eratione

558 2187 833 2255 colligitur.
879 2186 975 2239 Per
999 2186 1207 2240 eosdem
1232 2185 1496 2258 paschatis
1520 2187 1631 2239 dies
1656 2185 1893 2241 Christus
1918 2186 2265 2255 negotiatores
2295 2202 2330 2239 a
2359 2187 2552 2256 templo
2585 2187 2886 2241 summovit-

557 2271 744 2325 Postea
761 2289 882 2325 vero
905 2290 997 2342 per
1021 2279 1135 2325 sata
1155 2273 1359 2325 transiit
1381 2270 1563 2325 Matth.
1579 2290 1690 2337 m„
1713 2271 1873 2326 Marc.
1888 2292 1945 2336 ιι,
1963 2271 2066 2336 23.,
2090 2272 2213 2325 Luc.
2226 2290 2296 2336 vr,
2326 2273 2370 2326 1.
2406 2271 2709 2342 Sequuntur
2730 2278 2889 2342 gesta

556 2356 848 2412 nattum.
873 2357 939 2408 ad
962 2357 1044 2412 21.
1071 2374 1290 2412 comma.
1324 2357 1391 2410 Et
1410 2357 1664 2413 Mamm.
1688 2373 1853 2427 usque
1878 2358 1944 2409 ad
1968 2356 2044 2411 13.
2067 2374 2216 2422 com„
2238 2357 2362 2411 Luc.
2375 2376 2443 2412 vr.
2469 2357 2535 2410 ad
2564 2357 2641 2411 12.
2662 2374 2889 2412 comma.

557 2443 796 2512 Apostoli
830 2442 1073 2514 deinceps
1107 2444 1372 2512 eliguntur
1400 2443 1562 2495 Marc.
1582 2461 1659 2497 ιιι.
1685 2458 1718 2495 a
1740 2458 1943 2496 comma
1969 2443 2047 2497 13.
2074 2442 2141 2495 ad
2169 2442 2264 2508 19„
2294 2442 2420 2496 Luc.
2438 2460 2507 2497 vr.
2531 2458 2565 2495 a
2593 2442 2671 2498 12.
2697 2442 2763 2497 ad
2792 2443 2889 2509 16„

556 2526 738 2582 Matth.
758 2546 810 2583 x.
833 2534 941 2582 toto
967 2529 1151 2600 capite.
1224 2528 1412 2581 Postea.
1445 2529 1639 2599 partim
1660 2529 1717 2582 in
1739 2533 1945 2592 monte,
1980 2528 2169 2599 partim
2198 2528 2255 2582 in
2277 2529 2390 2581 loco
2415 2529 2693 2599 campestri
2712 2528 2889 2583 varios

558 2631 822 2668 sermones
845 2615 1096 2678 instituit3
1121 2631 1252 2685 quos
1277 2630 1473 2684 magna
1495 2631 1561 2667 ex
1585 2621 1732 2685 parte
1754 2614 2052 2669 Matthaeus
2076 2614 2378 2685 anticipavit
2400 2630 2510 2685 cap.
2521 2634 2590 2670 vr.
2608 2621 2662 2668 et
2681 2615 2889 2671 Luem.

560 2699 886 2755 Centurionis
917 2700 1103 2754 deinde
1140 2717 1346 2754 servum
1383 2717 1415 2752 a
1447 2701 1631 2754 morbo
1663 2700 1848 2755 liberat
1868 2700 1991 2754 Luc.
2011 2718 2101 2757 vn.
2125 2716 2158 2752 a
2184 2700 2227 2752 1.
2246 2713 2454 2753 comma
2482 2699 2548 2754 ad
2575 2700 2671 2765 10„
2699 2700 2891 2756 Matth-

558 2804 670 2841 vm.
700 2803 732 2838 a
752 2785 802 2840 5.
830 2785 894 2838 ad
923 2786 1000 2838 10.
1071 2786 1206 2839 Tum
1228 2786 1414 2839 viduae
1437 2786 1607 2839 filium
1643 2786 1709 2839 ad
1733 2786 1981 2857 oppidum
2003 2785 2157 2839 Naim
2178 2784 2304 2839 Luc.
2322 2804 2414 2839 vn.
2439 2802 2471 2838 a
2490 2802 2698 2839 comma
2718 2786 2799 2839 12.
2823 2786 2892 2840 ad

563 2869 641 2925 18.
688 2871 827 2924 Inter
857 2870 985 2923 haec
1019 2872 1241 2926 loannes
1274 2872 1382 2925 iam
1412 2872 1468 2924 in
1502 2888 1762 2926 carcerem
1794 2872 1988 2926 missus
2020 2870 2300 2942 discipulos
2323 2870 2389 2925 ad
2411 2870 2672 2925 Christum
2695 2872 2895 2942 allegat

557 2956 681 3010 Luc.
704 2977 792 3012 vn.
815 2973 849 3010 a
871 2973 1076 3011 comma
1103 2956 1181 3012 18.
1208 2957 1274 3010 ad
1297 2956 1398 3021 35„
1421 2956 1608 3011 Matth.
1631 2975 1703 3010 ιι.
1772 2956 2017 3027 Sequitur
2050 2957 2351 3028 peccatricis
2387 2957 2618 3011 mulieris
2654 2956 2894 3012 officium

558 3041 762 3096 Christo
786 3043 1089 3113 praestitum
1111 3041 1233 3096 Luc.
1253 3061 1346 3096 vn.
1374 3059 1579 3096 comma
1602 3042 1685 3097 37.
1756 3042 1881 3096 Inde
1914 3042 2125 3097 domum
2148 3043 2293 3096 venit
2323 3043 2483 3096 Marc.
2502 3062 2581 3108 m,
2606 3042 2688 3097 20.
2757 3042 2893 3097 Dae·

559 3128 794 3182 monium
825 3132 1030 3181 mutum
1062 3127 1215 3182 eiicit.
1261 3128 1384 3182 Luc.
1403 3146 1477 3192 11,
1506 3128 1600 3193 14„
1622 3125 1809 3181 matth.
1828 3145 1921 3191 xn,
1945 3127 2027 3180 22.
2072 3127 2192 3181 Ideo
2217 3126 2481 3183 Pharisaei
2512 3129 2566 3182 in
2594 3127 2895 3183 Beelzebub

559 3211 688 3265 haec
711 3212 859 3264 illum
881 3212 1052 3265 facere
1077 3213 1431 3267 criminantur.
1479 3214 1636 3266 Venit
1665 3218 1830 3267 mater
1863 3228 1981 3266 cum
2016 3213 2263 3267 fiatribus
2286 3214 2445 3268 Marc.
2462 3233 2542 3279 nr,
2566 3213 2667 3279 31„
2699 3212 2890 3270 Matth.

560 3315 653 3360 ιιι,
679 3295 762 3350 46.
809 3297 944 3349 Tum
969 3296 1237 3365 egrediens
1263 3298 1416 3351 domo
1441 3299 1507 3353 ad
1529 3314 1673 3351 mare
1696 3299 1946 3368 pervenit.
1994 3297 2094 3352 Ubi
2114 3299 2418 3369 parabolam
2441 3300 2688 3354 sementis
2712 3305 2766 3354 et
2784 3300 2895 3356 alis

562 3381 818 3452 quaedam
842 3382 1094 3435 edisserit.
1128 3383 1290 3438 Marc.
1313 3401 1401 3448 m,
1423 3383 1607 3437 matth.
1628 3400 1760 3448 χιιι,
1783 3399 1844 3436 ac
1866 3383 1999 3437 forte
2022 3385 2179 3437 etiam
2206 3401 2339 3454 quae
2361 3385 2484 3440 Luc.
2504 3403 2575 3451 ιι,
2598 3384 2682 3439 33.
2705 3387 2892 3454 legun-

560 3473 659 3520 tur.
705 3467 918 3521 Interim
941 3469 1180 3522 nonnulli
1202 3468 1267 3521 ad
1292 3467 1555 3522 Christum
1587 3468 1842 3522 accedunt
1869 3485 1931 3522 ac
1964 3470 2114 3539 sequi
2144 3487 2200 3523 se
2225 3470 2353 3524 velle
2376 3469 2682 3541 profitentur
2704 3469 2892 3525 nauh.

558 3571 673 3618 vm,
702 3551 778 3605 18.
825 3553 951 3606 Post
981 3555 1037 3607 in
1069 3554 1232 3607 altum
1267 3560 1473 3607 evectus
1505 3555 1789 3625 procellam
1824 3555 1971 3608 sedat
1993 3556 2154 3611 Marc.
2174 3573 2244 3609 nr.
2290 3555 2527 3610 Treiecto
2550 3555 2682 3610 freto
2706 3556 2762 3610 in
2788 3555 2892 3611 Ge-

456 3669 462 3676 »
559 3655 864 3693 rasenorum
899 3655 1025 3709 agro
1057 3639 1454 3694 daemoniacum
1476 3640 1678 3694 liberat.
1722 3640 1909 3696 Matth.
1930 3659 2044 3696 vm.
2067 3642 2227 3694 Marc.
2246 3661 2296 3695 v.
2340 3641 2565 3695 Rediens
2588 3640 2893 3711 archisyna-

562 3726 691 3794 gogi
710 3724 875 3778 filiam
898 3730 1060 3778 curat.
1103 3726 1238 3779 Tum
1260 3726 1532 3795 sanguinis
1555 3724 1811 3797 profluvio
1834 3727 2159 3780 laborantem
2181 3726 2365 3780 Matth.
2381 3744 2472 3791 ιι,
2493 3728 2658 3782 Marc.
2674 3746 2743 3790 ν..
2764 3727 2893 3782 Luc.

560 3828 673 3866 rm.
723 3809 975 3880 Egressus
1008 3810 1129 3865 inde
1161 3811 1217 3863 in
1238 3812 1463 3881 patriam
1488 3811 1617 3864 abiit
1638 3812 1797 3864 Marc.
1816 3830 1907 3877 vr„
1931 3811 2112 3866 Matth.
2131 3830 2263 3865 nuc
2290 3812 2569 3884 Apostolos
2591 3813 2745 3867 binos
2768 3829 2895 3870 cum

561 3896 884 3966 amplissima
903 3901 1162 3966 potestate
1186 3897 1358 3949 mittit.
1425 3897 1585 3950 Marc.
1606 3916 1692 3963 vr„
1723 3896 1848 3952 Luc.
1876 3915 1948 3950 rx.
2008 3896 2221 3951 Interim
2242 3897 2470 3952 Herodes
2495 3913 2615 3951 cum
2637 3899 2807 3952 multa
2829 3897 2895 3950 de

563 3980 754 4036 Christi
774 3981 1025 4052 prodigiis
1049 3983 1357 4052 accepisset,
1392 3983 1643 4036 Ioannem
1666 3999 1699 4035 a
1721 3983 1940 4036 mortuis
1964 3983 2251 4037 excitatum
2272 3989 2445 4054 putat,
2479 3988 2530 4037 et
2555 3983 2707 4037 illum
2726 3982 2897 4040 videti

564 4069 747 4137 gestit,
782 4071 839 4120 at
871 4068 917 4119 is
953 4085 1068 4120 sese
1103 4067 1358 4121 subducit.
1428 4067 1598 4131 Quare
1622 4069 1720 4121 sub
1744 4068 1870 4122 baec
1894 4074 2129 4140 tempora
2150 4069 2399 4124 Ioannem
2419 4067 2753 4122 interfectum
2772 4084 2895 4126 esse

564 4153 803 4207 credibile
827 4159 920 4206 est.
966 4153 1046 4206 Ad
1069 4152 1286 4206 eandem
1313 4151 1500 4206 Christi
1522 4154 1705 4223 fugam
1728 4154 1896 4207 refero
1920 4160 2077 4224 caput
2100 4153 2427 4219 1v.Ioannis;
2461 4170 2584 4207 cum
2605 4153 2791 4208 relicta
2810 4152 2895 4208 Iu-

565 4236 691 4292 daea
722 4239 778 4292 in
803 4238 1091 4293 Galilaeam
1123 4240 1361 4303 secessit,
1404 4255 1506 4309 quo
1540 4240 1598 4292 in
1630 4240 1812 4292 itinere
1845 4256 1964 4291 cum
1994 4238 2325 4293 Samaritana
2354 4239 2569 4294 muliere
2604 4239 2896 4294 collocutus

567 4329 660 4377 est.
696 4323 864 4386 Quare
879 4323 1050 4378 hiatus
1069 4325 1256 4394 ingens
1275 4331 1356 4378 est
1373 4323 1618 4378 historiae
1636 4325 1769 4377 inter
1792 4340 1905 4394 cap.
1916 4341 1993 4378 m.
2020 4330 2071 4377 et
2087 4342 2157 4378 rv.
2181 4323 2378 4390 Ioann„
2402 4325 2542 4395 quod
2560 4324 2749 4394 prioris
2765 4327 2895 4379 anni

566 4423 650 4459 res
673 4416 846 4476 gestas
871 4410 1220 4479 evangelistae
1244 4409 1429 4479 reliqui
1452 4410 1839 4463 accuratissime
1864 4409 2209 4479 scripsissent.
2250 4409 2420 4480 Caput
2441 4426 2560 4464 vero
2577 4427 2650 4463 vr.
2673 4425 2799 4466 cum
2825 4427 2895 4465 w.

568 4506 855 4545 connexum
882 4501 975 4547 est.
1021 4493 1157 4547 Nam
1179 4501 1299 4565 post
1321 4495 1410 4547 illa
1434 4495 1613 4547 omnia
1635 4495 1701 4548 ad
1724 4494 1915 4547 festum
1940 4494 2200 4564 quoddam
2226 4495 2463 4549 Christus
2486 4496 2729 4561 accessit,
2753 4496 2897 4566 quod

568 4591 603 4628 a
620 4573 865 4657 paschate
888 4577 1025 4632 haud
1046 4579 1203 4650 leuge
1228 4579 1431 4644 aberat,
1464 4579 1713 4634 nimirum
1743 4578 1981 4647 thim,
2016 4585 2109 4634 aut
2129 4580 2267 4636 aliud
2291 4580 2587 4652 quodpiam.
2645 4579 2897 4652 Sequitur
