3185 5219
2528 415 2596 474 01

287 563 492 628 stiterit,
524 581 651 618 cum
672 564 739 619 ed
762 565 1009 621 Ioannem
1030 566 1262 621 accessit.
1298 566 1402 621 Cur
1421 567 1532 621 ita?
1564 567 1750 623 Nonne
1773 568 1912 638 quod
1932 568 2101 622 Lucas
2122 566 2428 639 ἀπορητικῶς
2451 570 2596 642 loqui

284 649 419 702 visus
443 654 548 714 est,
582 666 704 704 cum
726 647 837 711 ὦςεὶ
859 648 981 703 ἐτῶν
1015 649 1274 723 τριάκοντα
1306 653 1546 724 scripsit?
1608 653 1679 707 At
1698 653 1940 709 Irenaeus
1964 660 2166 708 tantum
2196 656 2264 708 ab
2285 655 2466 725 rigidis
2488 656 2593 709 illis

281 734 682 806 praefractisque
704 736 1005 791 vocularum
1024 737 1390 809 interpretibus
1411 737 1677 803 abhorret,
1711 744 1767 792 ut
1791 740 1881 793 lib.
1905 758 1962 795 n.
1985 754 2099 810 cap.
2124 756 2306 794 xxxrx.
2330 739 2592 795 Christum

282 819 523 890 baptismi
539 826 771 892 tempore
789 822 1021 877 nondum
1036 823 1222 878 aetatis
1240 839 1437 878 annum
1453 824 1770 878 tricesimum
1789 825 2079 896 explevisse
2102 829 2325 878 censeat.
2359 824 2591 880 Praeter-

280 906 422 958 mitto
445 907 761 962 recentiores
784 908 1079 979 apostolicis
1102 909 1207 963 illis
1230 910 1549 980 temporibus
1571 909 1778 974 Panes,
1809 915 2142 981 caeterosque
2173 926 2359 980 graves
2391 916 2445 964 et
2477 929 2590 966 eru·

278 990 407 1044 ditos
441 989 706 1059 homines,
736 994 827 1064 qui
858 993 1029 1047 Lucae
1060 994 1414 1049 testimonium
1446 993 1734 1065 ἀδιορίστως
1766 1001 1989 1051 aetatem
2012 994 2202 1050 Christi
2233 1011 2297 1048 ac
2327 995 2590 1060 πλατυκῶς

276 1075 570 1146 significare
593 1095 701 1133 non
723 1078 977 1134 dubitent.
1010 1079 1117 1134 Nec
1135 1079 1412 1135 defuerunt
1432 1081 1523 1151 qui
1543 1097 1638 1152 pro
1665 1077 1960 1153 ἀρχόμενος,
1985 1078 2249 1151 ἐρχόμενος
2266 1082 2510 1151 legerint,
2533 1088 2593 1136 ut

276 1160 592 1232 Epiphanius
616 1169 669 1217 et
688 1163 1025 1234 Euthymius3
1047 1165 1177 1220 adeo
1199 1166 1531 1237 participium
1553 1165 1827 1237 ἀρχόμενος
1850 1166 1916 1219 ad
1939 1166 2102 1221 oflicii
2121 1171 2176 1219 et
2193 1166 2589 1237 praedicationis

276 1247 570 1313 exordium,
593 1266 700 1303 non
723 1250 789 1303 ad
810 1250 1075 1305 ineuntem
1098 1256 1319 1306 aetatem
1342 1252 1550 1306 illorum
1572 1252 1832 1306 sententia
1852 1257 2135 1306 revocatur.

404 1333 510 1387 Sed
542 1343 625 1388 est
653 1335 792 1390 aliud
826 1336 1071 1406 quiddam
1088 1377 1102 1402 ,
1135 1338 1276 1408 quod
1298 1343 1497 1391 veteres
1527 1337 1742 1409 perinde
1773 1354 1834 1392 ac
1864 1338 2174 1393 recentiores
2208 1354 2389 1392 omnes
2413 1339 2503 1409 qui
2527 1339 2589 1394 de

274 1420 435 1472 natali
465 1435 609 1474 anno
632 1419 823 1474 Christi
852 1421 1180 1492 disputarunt
1209 1429 1458 1493 tanquam
1489 1423 1838 1478 certissimum
1859 1425 2020 1494 vulgo
2048 1429 2403 1495 sumpserunt,
2438 1424 2588 1478 nimi·

274 1521 384 1557 rum
410 1503 677 1560 Christum
698 1523 834 1560 anno
858 1524 943 1560 xv.
966 1508 1159 1561 Tiberii
1180 1507 1497 1578 baptizatum
1518 1508 1698 1562 fuisse.
1735 1507 1882 1563 Unde
1904 1526 2022 1562 cum
2044 1508 2238 1563 Tiberii
2255 1527 2339 1562 xv.
2363 1510 2590 1580 coeperit

274 1603 406 1645 anno
428 1590 633 1645 Iuliano
656 1609 841 1646 nxxm.
852 1631 867 1657 ,
900 1592 1078 1647 Silano
1110 1599 1163 1646 et
1183 1592 1352 1648 Nerva
1374 1610 1508 1648 coss.
1531 1611 1600 1647 ex
1634 1610 1684 1648 a.
1710 1593 1759 1650 d.
1787 1611 1893 1650 xiv.
1915 1594 2030 1649 Kal.
2055 1593 2200 1664 Sept.
2222 1599 2276 1646 et
2296 1594 2586 1664 baptismus

273 1673 462 1730 Christi
482 1676 539 1729 in
561 1675 787 1731 Ianuarii
810 1697 881 1731 vi.
910 1679 1207 1744 incurrerit,
1241 1680 1484 1734 convenit
1513 1696 1652 1733 anno
1685 1678 1884 1734 lulisno
1918 1697 2095 1734 mxxiv.
2122 1679 2353 1732 Geminis
2384 1679 2588 1734 duobus

271 1775 431 1826 coss,
463 1777 601 1831 quae
633 1769 715 1816 est
746 1764 977 1818 omnium
1006 1764 1114 1818 fere
1148 1765 1439 1818 communis
1473 1765 1665 1836 opinio.
1712 1763 1860 1829 Quod
1887 1765 2097 1818 illorum
2131 1763 2518 1818 firmamentum
2540 1766 2587 1818 si

270 1846 385 1916 quis
405 1847 709 1911 extorserit,
743 1849 911 1902 omnis
940 1849 1032 1902 illa
1054 1848 1244 1903 Christi
1273 1850 1461 1903 natalis
1492 1850 1842 1920 investigandi
1864 1851 1994 1904 ratio
2016 1849 2328 1904 labefactata
2349 1851 2587 1907 concidit.

271 1931 427 2001 Atqui
457 1948 597 1986 anno
630 1933 746 2003 ipso
769 1934 943 1987 Tiberi
967 1952 1050 1987 xv.
1075 1935 1390 2005 baptizatum
1426 1952 1541 1989 esse
1563 1933 1826 1990 Christum
1857 1935 1992 1989 unde
2022 1935 2234 1989 tandem
2263 1934 2586 1992 habueruut?

268 2016 435 2071 Lucas
468 2018 613 2072 enim
646 2035 758 2089 cap.
784 2038 892 2086 nn,
923 2037 1060 2074 auno
1085 2039 1170 2076 xv.
1192 2021 1384 2074 Tiberii
1404 2020 1657 2074 loannem
1687 2020 1854 2074 sancti
1884 2021 2094 2090 spiritus
2125 2018 2310 2074 afflatu
2342 2020 2410 2074 ad
2440 2037 2587 2091 prae·

268 2101 539 2158 dicandam
561 2105 930 2174 poenitentiam
953 2106 1203 2177 prodiisse
1225 2111 1415 2172 narrat,
1439 2123 1547 2160 uon
1563 2123 1686 2160 vero
1706 2105 1969 2160 Christum
1990 2105 2174 2160 eodem
2195 2106 2284 2159 illo
2303 2106 2478 2159 Tiberi
2501 2125 2584 2161 xv.

265 2205 402 2242 anno
437 2205 473 2241 a
504 2189 697 2243 Ioanne
730 2191 1063 2262 baptizatum.
1124 2191 1332 2246 Etenim
1361 2191 1475 2246 fieri
1507 2195 1682 2263 potest
1722 2197 1780 2244 ut
1808 2191 2008 2244 Iuliano
2042 2209 2249 2255 cxxiv„
2281 2190 2472 2244 Tiberii
2497 2210 2582 2246 xv.

267 2281 515 2340 exeunte,
547 2271 733 2347 usputa
752 2277 993 2347 Augusto
1015 2278 1254 2343 ineunte,
1284 2277 1508 2332 Ioannes
1538 2278 1721 2331 relicta
1747 2277 2026 2331 solitudine
2055 2277 2110 2331 in
2132 2276 2398 2347 publicum
2422 2293 2583 2330 emer·

266 2360 412 2426 serit,
437 2365 492 2414 et
515 2376 653 2415 anno
678 2380 832 2415 cxxv.
853 2360 1055 2417 Iuliano
1081 2363 1371 2434 baptizatus
1395 2363 1461 2416 ab
1485 2363 1669 2418 eodem
1691 2364 1762 2416 sit
1783 2361 2041 2428 Christus,
2064 2362 2258 2416 Tiberii
2280 2380 2386 2416 xv1.
2435 2360 2584 2425 Quod

264 2462 296 2500 a
314 2446 555 2510 nemine,
578 2452 831 2517 quantum
852 2447 1042 2513 sciam,
1064 2447 1314 2503 hactenus
1340 2450 1671 2503 observatum
1692 2449 1974 2520 plurimum
1990 2448 2056 2501 ad
2073 2447 2364 2502 communis
2383 2462 2444 2499 ac
2462 2447 2582 2500 Dio·

262 2532 518 2601 nysianae
542 2548 693 2586 aerae
713 2534 1059 2603 patrocinium
1082 2534 1295 2589 confert.
1334 2533 1500 2589 Nemo
1524 2538 1607 2589 est
1625 2534 1767 2588 enim
1790 2539 1900 2588 tam
1920 2550 2130 2605 parum,
2152 2551 2260 2587 non
2281 2533 2450 2587 dicam
2471 2549 2581 2586 ma·

263 2617 558 2673 thematicis
583 2619 803 2685 artibus,
835 2621 927 2674 sed
950 2621 1155 2691 vulgari
1174 2622 1267 2676 ills
1286 2622 1473 2692 peritia
1492 2620 1945 2676 subducendorum
1969 2625 2262 2691 temporum
2283 2620 2581 2685 instructus,

262 2705 351 2774 qui
377 2722 486 2759 non
505 2720 746 2776 pugnare
767 2722 945 2761 secum
968 2707 1085 2761 illos
1109 2723 1290 2761 omnes
1315 2698 1720 2773 animadvertat,
1753 2706 1844 2776 qui
1876 2707 2101 2759 natalem
2134 2704 2330 2758 domini
2363 2721 2429 2757 ex
2460 2721 2583 2757 aera

260 2790 469 2860 vulgari
491 2791 595 2845 alio
618 2807 780 2857 anno,
806 2808 964 2862 quem
983 2791 1184 2846 Iuliano
1209 2810 1348 2858 xcv„
1370 2791 1594 2847 Lentulo
1617 2797 1671 2845 et
1690 2791 1877 2845 Pisone
1900 2807 2053 2856 coss„
2075 2789 2434 2843 collocandum
2456 2791 2580 2844 scri·

258 2882 503 2946 pserunt,
525 2876 602 2930 ita
625 2883 683 2930 ut
703 2878 901 2947 primus
925 2894 1133 2944 corum,
1164 2894 1296 2948 quos
1325 2892 1358 2929 a
1380 2878 1542 2931 nstali
1563 2875 1753 2931 Christi
1773 2882 2043 2946 putamus,
2076 2874 2306 2928 Iulianus
2329 2876 2399 2927 sit
2422 2893 2579 2942 xum,

260 2960 316 3015 C.
340 2962 566 3015 Caesare
589 2968 643 3015 et
661 2962 822 3017 Paulo
846 2979 982 3019 coss.
1034 2963 1181 3029 Quod
1204 2962 1413 3033 quidem
1434 2962 1696 3032 eclipseou
1720 2977 1779 3014 ac
1805 2962 2107 3015 coelestium
2131 2965 2368 3014 motuum
2391 2960 2578 3013 descri-

259 3049 371 3117 ptio
395 3053 450 3101 et
472 3047 605 3117 cycli
626 3047 727 3118 ipsi
748 3065 815 3102 ex
840 3049 1043 3119 vulgari
1063 3048 1305 3105 methodo
1337 3048 1468 3102 satis
1498 3048 1772 3114 evincunt,
1806 3053 1864 3101 ut
1893 3046 2097 3101 abunde
2127 3045 2376 3101 hactenus
2408 3050 2577 3101 osten·

261 3134 450 3186 dimus.
487 3132 635 3197 Quod
659 3133 704 3186 si
730 3135 843 3204 quis
866 3151 1041 3189 aeram
1058 3136 1350 3205 vulgarem,
1374 3150 1534 3204 quam
1552 3132 1927 3203 Dionysianam
1948 3138 2162 3198 vocant,
2184 3148 2304 3185 cum
2326 3131 2390 3185 iis
2415 3132 2577 3185 omni-

262 3219 360 3272 bus
394 3220 672 3273 conciliare
703 3220 948 3284 voluerit,
989 3220 1095 3274 imo
1129 3219 1418 3274 consentire
1446 3221 1560 3291 ipse
1595 3235 1797 3286 secum,
1836 3219 2064 3290 primum
2094 3216 2295 3271 Iuliano
2341 3233 2479 3271 anno
2519 3232 2580 3270 ac

260 3321 397 3358 coss,
432 3321 565 3374 quos
600 3304 712 3358 dixi
741 3307 968 3360 natalem
1000 3304 1191 3361 Christi
1220 3307 1444 3360 tribuere
1478 3305 1654 3371 debet,
1687 3311 1799 3359 tum
1834 3304 2054 3358 eundem
2089 3302 2350 3357 Christum
2381 3302 2579 3356 Iuliano

262 3407 419 3445 nxxv.
460 3391 774 3460 baptizatum
806 3408 1063 3456 asserere,
1105 3408 1243 3447 anno
1275 3392 1461 3446 aetatis
1492 3409 1640 3446 xxix.
1677 3391 1782 3444 iam
1814 3391 2095 3461 completo,
2131 3394 2183 3441 et
2213 3389 2423 3441 ineunte
2456 3407 2579 3441 xxx.

262 3475 473 3545 Alioqui
508 3492 629 3530 cum
664 3476 1004 3531 Geminorum
1038 3478 1341 3533 consulatus
1376 3494 1512 3531 anuo
1547 3495 1696 3532 ιω.
1734 3476 2083 3546 Dionysianae
2127 3490 2277 3527 aerae
2311 3479 2580 3543 congruat,

260 3562 409 3631 cyclo
432 3562 560 3615 solis
579 3581 648 3627 x.,
671 3563 826 3617 lunae
844 3582 917 3618 ιι.
944 3562 1179 3618 Christus
1201 3563 1424 3634 expletis
1447 3562 1706 3617 duntaxat
1733 3579 1900 3616 xxvnx
1922 3561 2074 3615 annis
2097 3560 2386 3630 baptizatus
2409 3559 2579 3612 fuerit.

262 3648 373 3702 Imo
396 3664 520 3702 vero
542 3649 589 3702 si
611 3648 850 3718 Dionysii
872 3650 1011 3703 illius
1037 3665 1185 3704 aerae
1210 3649 1488 3704 conditoris
1511 3665 1572 3702 ac
1594 3647 1767 3702 Bedae
1790 3647 2010 3702 decretis
2031 3646 2349 3711 insistimus,
2373 3644 2581 3698 nonnisi

262 3751 409 3791 xxm
432 3750 599 3789 annos
621 3735 918 3789 absolverat
939 3733 1171 3789 Christus
1184 3773 1199 3801 ,
1221 3750 1341 3789 cum
1363 3734 1431 3790 ad
1450 3733 1701 3789 Ioannem
1723 3732 1881 3788 venit.

418 3938 750 4004 QUOMODO
784 3938 1125 3995 VULGARIS
1158 3939 1341 3994 AERA
1373 3938 1640 3994 CHRISTI
1677 3936 1764 3991 AB
1799 3937 2089 3993 AUTORIS
2124 3935 2423 3991 DlONYSll

1034 4024 1395 4080 INSTITU'I'O
1436 4023 1807 4079 DISSIDEAT.

396 4160 680 4217 Sciendum
702 4163 841 4217 enim
866 4168 945 4219 est
968 4178 1166 4217 annum
1186 4163 1362 4229 illum,
1392 4179 1549 4233 quem
1582 4179 1732 4217 aerae
1756 4162 1988 4233 vulgaris
2019 4159 2246 4232 primum
2273 4157 2498 4211 facimus
2528 4163 2580 4210 et

262 4249 498 4318 proxime
522 4264 557 4301 a
578 4249 741 4302 natali
762 4249 878 4320 ipso
900 4249 1184 4304 Salvatoris
1208 4249 1551 4320 auspicamur,
1582 4264 1617 4302 a
1645 4249 1812 4320 primo
1845 4248 1985 4301 illius
2008 4250 2187 4299 autore
2209 4243 2578 4297 incarnationis

260 4349 323 4386 ac
355 4334 545 4389 natalis
578 4350 777 4389 annum
807 4352 923 4393 esse
954 4336 1324 4400 constitutum,
1356 4333 1409 4387 id
1440 4334 1576 4404 quod
1607 4351 1674 4387 ex
1696 4332 1936 4402 Dionysii
1965 4331 2129 4401 ipsius
2157 4345 2218 4382 ac
2242 4328 2413 4381 Bedae
2439 4329 2577 4383 testi-

261 4421 435 4474 monio
459 4421 680 4491 planum
700 4420 909 4476 faciam.
953 4420 1087 4475 Nam
1108 4420 1420 4489 Dionysius,
1446 4425 1506 4473 ut
1524 4425 1675 4473 autor
1698 4424 1777 4472 est
1793 4417 1937 4472 Beda
1959 4417 2047 4470 lib.
2072 4414 2134 4467 de
2157 4414 2335 4484 Temp.
2359 4414 2578 4468 Ratione

262 4521 376 4575 cap.
402 4525 521 4561 ην.
563 4511 617 4559 et
650 4506 775 4561 alibi
806 4522 986 4577 saepe,
1018 4507 1223 4575 cyclum
1254 4522 1409 4558 suum
1442 4522 1700 4558 annorum
1733 4520 1920 4557 oxxxn
1953 4501 2019 4555 ab
2053 4517 2114 4553 eo
2145 4498 2409 4554 inchoavit
2439 4518 2576 4554 anno

262 4591 353 4660 qui
371 4592 783 4646 incarnationem
807 4598 860 4644 et
881 4591 1207 4644 nativitatem
1229 4592 1523 4645 antecessit.
1568 4590 1750 4661 Itaque
1771 4590 1998 4660 primum
2021 4602 2216 4638 aunum
2239 4587 2368 4655 cycli
2390 4588 2474 4640 sui
2491 4605 2577 4641 vo·

2633 2811 2675 2851 p.
2697 2799 2784 2840 112.

260 4675 359 4730 luit
374 4694 492 4732 eum
511 4694 644 4743 esse,
664 4677 754 4747 qui
770 4682 1015 4732 estserae
1034 4676 1325 4732 communis
1340 4692 1561 4747 nxxxm,
1578 4674 1862 4731 secundum
1875 4690 1994 4728 vero
2016 4688 2135 4727 eum
2152 4672 2240 4745 qui
2256 4677 2337 4729 cst
2353 4689 2577 4730 nxxxm.
2677 4678 2688 4689 '
