3185 5219
2423 368 2588 427 CLIX

264 540 421 582 euna
442 542 570 589 ιιι,
602 523 702 578 hoc
738 530 823 578 ast
848 542 956 581 m.
980 524 1096 582 1⁸1.
1118 524 1242 596 Apr.
1272 523 1438 596 pridie
1460 524 1574 578 eius
1600 524 1730 590 diei,
1764 541 1868 595 qao
1899 540 2086 596 passus
2109 530 2215 591 est,
2247 525 2409 580 biduo
2430 526 2590 598 igitur

262 611 543 666 Nicaenam
564 612 748 665 lunam
768 610 1088 680 anticipavit.
1121 611 1314 664 Iccirco
1338 608 1640 680 προέλαβον,
1660 610 1832 680 inquit
1851 609 2198 681 Epiphanius,
2221 610 2301 664 καὶ
2325 609 2507 682 ἔφαγον
2531 612 2589 664 rb

263 694 443 768 Πάσχα
466 696 627 752 biduo
652 702 773 750 ante
794 696 1089 768 legitimum
1112 702 1342 766 tempus,
1378 694 1516 765 quod
1547 700 1660 748 erat
1681 714 1787 749 xrv.
1811 694 2042 749 Nicaena
2063 695 2252 748 cadens
2275 696 2330 750 in
2354 715 2447 751 xn.
2472 696 2589 753 Kal.

265 780 420 846 Quasi
441 779 575 836 haec
599 781 783 846 verba,
807 779 1087 851 προέλαβον
1105 787 1200 836 etc.
1216 820 1230 847 ,
1253 798 1361 835 non
1382 780 1449 834 de
1464 779 1670 835 Iudaeis
1688 781 1931 835 omnibus
1947 781 2248 853 accipienda
2262 781 2394 847 sint,
2418 782 2509 836 sed
2527 783 2593 836 do

266 865 465 922 Christo
490 874 545 921 et
566 867 843 938 apostolis,
877 883 939 921 ιο
969 867 1015 920 si
1039 868 1127 937 qui
1150 872 1275 920 sunt
1295 866 1408 931 alii,
1440 866 1532 937 qui
1552 867 1809 920 maiorum
1833 867 1964 920 ritus
1988 866 2391 920 observaverint-
2456 867 2594 921 Nam

266 952 399 1024 quod
422 952 490 1006 ad
511 952 735 1006 Iudaeos
756 952 984 1022 reliquos
1007 952 1219 1018 attinet,
1250 951 1449 1023 pascha
1477 968 1634 1006 suum
1663 953 1719 1006 in
1741 958 2009 1023 posterum
2031 951 2195 1017 diem,
2227 951 2329 1006 hoc
2361 958 2442 1006 est
2473 972 2590 1009 ιιιι.

264 1037 476 1092 Kalend.
504 1055 607 1109 quo
632 1054 821 1108 passus
845 1043 926 1091 est
950 1035 1212 1104 Christus,
1237 1035 1347 1090 καθ’
1371 1035 1634 1107 ὑπέρβασιν
1656 1039 1985 1092 traiecerunt.
2031 1036 2177 1092 Unde
2199 1054 2306 1091 non
2331 1037 2512 1104 biduo,
2535 1045 2596 1092 ut

264 1125 378 1189 alii,
411 1123 507 1178 sed
533 1140 639 1178 uno
660 1128 868 1178 tantum
890 1124 973 1178 die
997 1122 1280 1177 Nicaenam
1303 1141 1409 1177 ιιι.
1434 1123 1871 1194 anticipaverunt,
1904 1123 2029 1193 quia
2049 1121 2258 1178 Iudaica
2277 1124 2465 1178 vitiosa
2487 1142 2594 1189 xv„

262 1208 491 1266 Nicaena
512 1227 629 1264 xm.
655 1209 998 1264 celebrarunt.
1062 1207 1233 1273 Quare
1255 1208 1463 1280 scripsit
1482 1207 1831 1280 Epiphanius,
1868 1207 2267 1278 ὑπερβεβηκότων
2292 1208 2455 1261 αὐτῶν
2479 1208 2593 1280 μίαν

265 1292 475 1365 ἡμέρως
510 1294 649 1365 quod
684 1301 739 1350 et
769 1295 956 1365 repetit
988 1310 1132 1348 num.
1157 1312 1320 1348 xxvxi.
1390 1295 1583 1348 Verum
1618 1294 1758 1365 quod
1790 1295 2042 1365 sequitur,
2071 1294 2204 1348 feria
2225 1295 2378 1348 tertia
2399 1293 2596 1366 pascha

267 1379 578 1446 comedisse,
603 1380 741 1450 qnod
765 1380 895 1434 feria
919 1399 968 1434 v.
989 1379 1187 1433 factum
1213 1380 1465 1452 oportuit,
1497 1380 1552 1434 in
1576 1397 1737 1451 quam
1759 1398 1865 1435 xrv.
1889 1379 2285 1449 luna(1udaica,
2309 1385 2363 1433 et
2383 1381 2594 1450 vitiosa)

268 1474 578 1520 convenerat
589 1505 603 1530 ,
626 1482 813 1536 parum
836 1465 939 1520 sibi
956 1471 1194 1519 constare
1212 1471 1386 1519 censet
1403 1463 1777 1536 Epiphaniam,
1800 1466 1892 1536 qui
1909 1465 2117 1535 quidem
2134 1466 2266 1519 feria
2281 1467 2435 1519 tertia
2451 1465 2595 1520 Chri-

268 1556 401 1608 stum
419 1549 619 1622 pascha
636 1552 901 1623 peregisse
920 1550 1071 1615 velit,
1096 1566 1217 1603 cum
1240 1551 1367 1605 luna
1389 1550 1442 1603 in
1466 1568 1572 1604 xrv.
1597 1551 1927 1622 praestiterit.
1961 1550 2056 1605 Est
2077 1552 2216 1606 enim
2240 1557 2420 1605 contra
2439 1568 2594 1608 evan-

266 1637 389 1707 gelii
407 1636 593 1701 fidem,
618 1634 877 1690 Christum
900 1635 1032 1690 feria
1053 1653 1133 1691 ιιι.
1155 1633 1352 1706 pascha
1375 1635 1682 1691 celebrasse.
1725 1635 2002 1707 Propterea
2021 1638 2096 1690 ita
2117 1636 2481 1707 corrigendum
2503 1655 2595 1691 ex-

266 1722 489 1786 istimat,
515 1720 779 1775 Christum
801 1721 856 1775 id
878 1722 1050 1792 egisse
1073 1720 1205 1774 feria
1227 1739 1275 1774 v.
1289 1761 1304 1786 ,
1328 1720 1467 1791 quod
1492 1721 1780 1791 oportuerit
1799 1740 1890 1776 vn.
1940 1721 2054 1793 Ego
2076 1739 2199 1776 vero
2223 1738 2341 1776 cum
2363 1722 2597 1778 nondum

266 1807 555 1878 suspicarer
572 1806 921 1878 Epiphanium
938 1806 1042 1860 alio
1062 1806 1144 1860 die
1163 1805 1425 1860 Christum
1444 1807 1575 1859 velle
1601 1823 1758 1876 quam
1780 1807 1911 1862 feria
1927 1827 1976 1862 v.
1998 1806 2195 1879 pascha
2215 1825 2371 1862 snum
2389 1810 2596 1874 obiisse,

266 1890 391 1946 haec
414 1908 553 1962 quae
575 1892 641 1946 de
664 1910 740 1946 ιιι.
754 1931 770 1958 ,
804 1911 877 1948 rv.
901 1893 1220 1963 caeterisque
1243 1892 1384 1946 feriis
1407 1892 1597 1957 iniicit,
1632 1893 1988 1946 similitudinis
2011 1910 2198 1948 caussa
2218 1899 2468 1966 usurpata
2487 1911 2597 1949 cre-

268 1976 511 2032 dideram.
583 1976 721 2031 Nam
754 1978 879 2048 quia
908 1978 1035 2032 luna
1065 1978 1273 2032 ludaica
1294 1996 1431 2043 nv„
1466 1976 1694 2030 Nicaena
1715 1994 1837 2032 vero
1862 1996 1956 2034 ιιι.
1982 1978 2353 2045 celebraverat,
2388 1986 2448 2033 ut
2478 1997 2599 2035 eam

265 2064 396 2133 cycli
426 2063 735 2134 pravitatem
769 2063 933 2117 oculis
962 2063 1265 2129 subiiceret,
1296 2061 1435 2117 hunc
1469 2064 1524 2117 in
1559 2063 1774 2117 modum
1811 2063 2072 2117 declarare
2094 2066 2348 2131 voluisse,
2381 2064 2597 2136 perinde

264 2148 402 2202 istud
424 2164 543 2204 esse
567 2163 628 2202 ιο
651 2149 697 2201 si
718 2148 983 2218 fingamus
1007 2148 1275 2204 Iudaicum
1299 2148 1503 2218 cyclum
1525 2148 1639 2203 vitii
1660 2146 1790 2202 nihil
1812 2147 2085 2215 habuisse,
2113 2165 2395 2222 rever-aque
2416 2152 2597 2205 lunam

262 2252 371 2290 nv.
394 2233 682 2289 Nicaenam
703 2234 758 2287 in
780 2234 959 2287 Martii
981 2251 1090 2288 ιιι.
1112 2234 1382 2300 incidisse,
1415 2250 1477 2288 ac
1506 2239 1621 2288 tum
1655 2235 1945 2304 cogitemus
1970 2233 2234 2290 Christum
2266 2236 2420 2290 biduo
2449 2237 2596 2290 illam

264 2325 675 2374 antevertentem
698 2337 804 2373 xvr.
828 2319 1070 2385 Kalend„
1101 2320 1211 2373 sive
1239 2319 1417 2374 Martii
1439 2338 1597 2390 xv¹1.,
1627 2318 1823 2390 pascha
1856 2321 2170 2386 comedisse,
2198 2321 2329 2375 feria
2349 2321 2425 2387 3.,
2457 2322 2598 2392 quod

262 2405 393 2460 seria
416 2405 501 2471 5..
529 2403 629 2459 hoc
652 2413 733 2460 est
754 2405 930 2459 Martii
952 2423 1061 2459 ιιι.
1076 2444 1091 2470 ,
1123 2405 1239 2462 fieri
1261 2404 1491 2461 decebat.
1538 2405 1670 2460 Tam
1694 2421 1818 2475 ergo
1841 2406 2027 2461 vitiose
2051 2407 2227 2478 cyclus
2246 2407 2334 2461 ille
2358 2405 2596 2463 Iudaicus

264 2491 612 2546 decimonono
635 2491 811 2546 Martii
838 2491 1019 2545 lunam
1040 2509 1148 2547 m.
1185 2490 1446 2556 exhibuit,
1481 2497 1695 2561 tamque
1728 2491 1995 2546 abnormis
2030 2508 2064 2545 a
2096 2509 2217 2547 vero
2251 2494 2407 2547 lunae
2440 2495 2597 2550 ratio·

264 2577 400 2633 cinio
424 2575 527 2632 fuit
554 2577 649 2632 illa
681 2596 729 2632 v.
752 2577 883 2632 feria
912 2576 1089 2631 Martii
1111 2593 1249 2642 ιιι.,
1283 2592 1440 2647 quam
1472 2577 1627 2631 tertia
1659 2593 1780 2631 cum
1814 2577 1999 2648 quinta
2028 2584 2353 2651 comparata,
2388 2579 2437 2635 si
2466 2577 2597 2635 haec

264 2665 379 2736 ipsa
400 2663 637 2717 Nicaena
655 2663 858 2717 fuisset.
920 2662 1156 2733 Denique
1189 2667 1301 2717 tota
1329 2660 1458 2716 haec
1482 2661 1761 2733 Epiphanii
1782 2662 2061 2734 disputatio
2086 2662 2341 2731 ὑποθετικὴ
2363 2671 2417 2718 et
2438 2663 2596 2736 λόγου

266 2748 409 2821 χάριν
432 2755 709 2820 assumpta
728 2747 857 2802 mihi
878 2748 1165 2803 videbatur.
1235 2748 1374 2802 Sane
1406 2748 1592 2818 negari
1618 2765 1726 2801 non
1747 2753 1944 2818 potest,
1977 2764 2133 2818 quam
2167 2750 2211 2802 si
2241 2749 2372 2803 feria
2392 2768 2442 2804 v.
2465 2751 2597 2804 cele-

264 2836 447 2890 brasse
473 2832 741 2889 Christum
764 2835 1164 2899 existimaverit,
1186 2832 1520 2904 probabiliter
1540 2834 1646 2887 ista
1669 2832 1922 2886 dicantur.

398 2920 600 2975 Verum
623 2918 748 2973 dum
770 2918 898 2973 haec
920 2919 1170 2973 attentius
1192 2925 1501 2989 perscrutor,
1525 2918 1756 2989 comperi
1778 2918 1936 2970 aliam
1959 2917 2274 2971 sanctissimi
2296 2920 2458 2990 patris
2488 2921 2598 2992 opi-

263 3006 480 3060 nionem
503 3005 694 3070 fuisse,
729 3010 782 3058 et
803 3004 991 3058 falsam
1012 3005 1158 3058 illam
1182 3004 1414 3075 quidem,
1446 3003 1537 3057 sed
1570 3003 1636 3057 ab
1672 3019 1733 3056 eo
1767 3009 1945 3057 tamen
1968 3003 2244 3074 aliquoties
2267 3004 2597 3072 inculcatam,

264 3093 520 3149 nimirum
542 3091 758 3145 Iudaeos
779 3091 1056 3162 plerosque
1080 3107 1199 3143 cum
1223 3087 1427 3143 Christo
1456 3087 1652 3160 pascha
1681 3105 1837 3143 suum
1868 3089 2061 3142 obiisse
2091 3107 2197 3143 non
2229 3090 2357 3144 feria
2377 3108 2453 3157 v.‚
2486 3092 2597 3145 sive

264 3178 430 3250 pridie
454 3178 568 3230 eius
593 3176 717 3242 diei,
742 3193 845 3246 qno
868 3192 1053 3247 passus
1077 3181 1180 3240 est,
1206 3174 1297 3229 sed
1318 3175 1449 3229 feria
1468 3176 1638 3230 tertia.
1685 3174 1871 3239 Quod
1855 3191 2029 3246 ipsum
2052 3174 2403 3229 disertissimis
2425 3177 2598 3231 verbis

265 3262 456 3318 docet
439 3280 497 3317 m
521 3263 664 3316 calce
684 3262 891 3316 Panarii
924 3260 1104 3328 huius,
1138 3262 1192 3315 in
1213 3260 1553 3333 Expositione
1574 3259 1722 3314 Fidei
1754 3277 1898 3315 num.
1922 3280 2052 3319 xxrr.
2121 3261 2218 3315 Ubi
2252 3261 2316 3315 de
2349 3262 2599 3317 ecclesiae

262 3350 455 3404 ritibus
488 3363 653 3419 agens
678 3348 915 3401 meminit
937 3348 1071 3401 inter
1093 3353 1295 3401 caetera
1314 3348 1496 3401 ieiunii
1518 3353 1734 3417 quartae
1768 3363 1830 3402 ac
1851 3353 2031 3401 sextae
2054 3347 2212 3402 feriae
2226 3388 2240 3413 ,
2271 3348 2420 3402 cuius
2452 3348 2599 3403 insti-

262 3436 365 3489 tuti
400 3449 645 3489 caussam
678 3432 864 3503 aperit:
912 3430 1077 3499 ἐπειδή
1110 3450 1197 3503 περ
1231 3430 1576 3503 ἐπιφωσκούσῃ
1611 3429 1804 3504 τετράδι
1838 3432 2110 3504 συνελήφθη
2138 3432 2164 3485 ὁ
2189 3435 2376 3504 κύριος,
2412 3434 2492 3486 καὶ
2522 3438 2598 3505 τῷ

266 3516 610 3591 προσοιββάτῳ
635 3515 943 3590 ἑσταυρώθητ
998 3518 1246 3580 Quoniam
1280 3523 1478 3571 ineunte
1503 3528 1692 3589 quarta
1702 3523 1852 3588 seria
1877 3518 2258 3591 comprehensus
2280 3529 2354 3572 est
2374 3523 2600 3573 dominus

266 3609 482 3678 etseria
504 3623 555 3658 v.
581 3607 867 3674 crucifisus.
938 3602 1051 3667 Quo
1086 3604 1256 3674 posito
1288 3620 1615 3675 consequens
1647 3612 1730 3657 est
1758 3602 2021 3657 Christum
2056 3620 2119 3658 ea
2149 3610 2327 3671 nocte,
2356 3621 2489 3676 quae
2523 3605 2598 3659 fe-

264 3693 403 3747 riam
424 3691 476 3745 3.
501 3690 754 3760 sequitur,
790 3696 843 3743 et
865 3688 1070 3743 Iudaice
1092 3690 1254 3743 feriae
1276 3690 1324 3743 4.
1348 3690 1610 3754 tribuitur,
1646 3694 1856 3759 captum
1879 3705 2019 3755 esse,
2044 3705 2163 3743 cum
2185 3692 2341 3762 paulo
2365 3697 2485 3743 ante
2508 3706 2597 3761 pa-

264 3777 397 3831 scha
419 3776 753 3831 celebrasset.
793 3774 1042 3829 Audierat
1060 3774 1239 3844 itaque
1263 3780 1315 3829 et
1337 3790 1369 3827 a
1389 3774 1676 3828 maioribus
1701 3780 1966 3844 acceperat
1987 3773 2307 3846 Epiphanius
2331 3775 2460 3829 duas
2481 3775 2597 3828 illas

262 3863 426 3918 ferias
464 3862 756 3916 dominicae
788 3861 1023 3932 passioni
1054 3860 1356 3914 recolendae
1382 3860 1715 3930 praestitutas
1748 3858 1910 3912 fuisse
1942 3876 2002 3913 ac
2030 3861 2225 3915 ieiunio
2249 3867 2596 3916 consecratas.

263 3948 401 4004 Cum
427 3955 608 4003 autem
632 3952 773 4000 certo
797 3951 1057 4000 constaret
1078 3946 1209 3999 feria
1229 3964 1301 3999 vr.
1324 3946 1377 3998 in
1403 3961 1552 3998 cruce
1576 3943 1831 3997 suffixum
1855 3960 1993 4011 esse,
2023 3946 2169 4001 nulla
2197 3946 2454 4018 passionis
2486 3947 2597 3999 eius

263 4042 469 4090 restare
490 4035 607 4088 visa
629 4038 710 4086 est
733 4033 836 4086 alia
857 4048 980 4104 pars
1004 4046 1161 4101 quam
1184 4028 1574 4100 comprehensio
1599 4035 1653 4083 et
1684 4030 1935 4100 alligatio.
2002 4029 2220 4085 Proinde
2249 4032 2380 4084 feria
2401 4047 2470 4086 ιν.
2506 4048 2598 4101 ap·

262 4126 482 4193 petente
504 4125 720 4190 captum
744 4126 900 4189 atque
923 4118 1154 4171 vinctum
1177 4132 1292 4168 esse
1313 4114 1582 4168 dominum
1605 4115 1833 4168 credidit.
1876 4115 2057 4186 Neque
2079 4132 2201 4170 vero
2235 4117 2335 4169 alio
2365 4122 2598 4188 tempore

202 4220 209 4229 ·
263 4223 431 4278 quam
455 4221 562 4276 quo
585 4202 766 4257 Iudaei
786 4205 1018 4275 plerique
1040 4202 1301 4271 celebrare
1322 4202 1501 4255 voluit.
1571 4200 1740 4271 Igitur
1772 4201 1928 4254 etiam
1959 4201 2138 4255 Iudaei
2161 4200 2291 4254 feria
2310 4202 2464 4255 tertia
2483 4219 2598 4273 per·

264 4298 511 4365 egerunt..
559 4290 787 4356 Vitiosa,
810 4290 926 4360 quis
950 4293 1146 4360 negat?
1203 4287 1307 4342 Sed
1329 4286 1469 4359 quod
1490 4286 1725 4340 maxima
1744 4303 1865 4358 pars
1888 4303 1950 4340 eo
1974 4286 2057 4339 die
2076 4284 2273 4356 pascha
2292 4294 2599 4357 comederet,

263 4378 431 4434 hiduo
457 4392 582 4430 enm
604 4375 710 4429 illis
733 4375 1049 4447 anticipavit.
1093 4373 1219 4427 Erat
1240 4374 1380 4428 enim
1401 4372 1534 4427 feria
1553 4390 1603 4427 v.
1636 4371 1812 4426 Martii
1833 4389 1941 4425 ιιι.
1965 4370 2353 4437 celebrandum,
2386 4389 2508 4429 cum
2539 4376 2598 4430 in

264 4461 411 4519 hunc
436 4461 580 4517 diem
600 4479 710 4515 ιιι.
730 4460 943 4515 Iudaica
964 4460 1154 4515 vitiosa
1177 4463 1516 4514 concurreret.
1587 4456 1691 4511 Cur
1713 4464 1889 4511 autem
1913 4455 2040 4510 adeo
2064 4472 2401 4528 praepropere
2421 4459 2601 4517 Iudaei

264 4551 359 4605 isti
382 4547 587 4621 pascha
606 4545 962 4611 comederent,
985 4561 1227 4601 caussam
1249 4544 1425 4599 attulit
1442 4543 1658 4599 nullam.
1697 4542 1804 4598 Sed
1823 4541 1923 4597 hoc
1943 4548 2121 4596 tamen
2142 4543 2439 4614 significare
2460 4545 2598 4600 vido·

265 4643 373 4705 tur,
395 4634 625 4690 Iudaeos
641 4633 921 4688 nonnullos
931 4672 947 4699 ,
967 4631 1207 4687 videlicet
1222 4630 1522 4686 Pharisaeos
1539 4645 1602 4683 ιο
1620 4629 1827 4684 Scribas
1837 4668 1852 4695 ,
1875 4644 2204 4683 communem
2219 4627 2357 4684 hunc
2373 4647 2598 4687 errorem
