3185 5219
597 392 815 451 xcvm

599 551 988 605 observationes
1018 549 1272 603 maiorem
1302 547 1534 603 humana
1567 548 1763 603 fidem?
1809 550 2064 605 Acciderit
2095 548 2224 605 haec
2258 551 2466 622 eclipsis
2496 550 2596 604 hoc
2619 551 2705 605 vel
2725 551 2821 605 illo
2845 550 2948 604 im-

596 637 849 708 peratoris
875 652 1012 690 anno
1026 675 1040 700 ,
1070 635 1319 689 historiae
1341 633 1445 687 fide
1467 634 1669 700 nititur,
1702 652 1838 706 quae
1868 636 2080 690 tametsi
2100 635 2333 691 humana
2353 638 2450 701 uit,
2478 637 2548 691 ab
2569 652 2635 691 ea
2653 642 2843 691 lamen
2865 652 2949 689 re-

598 723 779 777 cedere
802 723 893 776 vix
915 722 1175 775 interdum
1197 736 1314 774 esse
1336 720 1573 774 videatur
1592 719 1838 777 hominis.
1888 721 1992 776 Sed
2026 738 2144 776 cum
2169 721 2236 776 ad
2258 722 2489 777 Iulianos
2510 724 2828 793 praesertim
2852 737 2948 775 an·

596 825 723 874 nos,
759 825 890 878 quos
915 823 1095 862 omnes
1120 808 1223 860 sibi
1245 806 1553 876 chronologi
1573 807 1898 877 praefigunt,
1932 807 2153 861 deductu
2179 825 2264 861 res
2286 808 2466 874 fuerit,
2502 814 2664 878 quoto
2690 824 2835 862 anuo
2861 823 2948 860 ec-

596 895 742 964 lipsis
774 894 866 947 illa
895 892 1196 963 contigerit,
1231 909 1338 946 nou
1370 890 1603 946 humana
1631 893 1738 946 iam
1770 892 1899 958 fide,
1944 893 2043 947 hoc
2079 900 2160 947 est
2190 895 2304 947 sola
2337 895 2606 964 scriptoris
2636 894 2950 956 autoritate,

595 979 687 1032 sed
719 979 1010 1032 certissima
1041 978 1482 1032 demonstratione
1509 983 1741 1043 constat,
1782 978 1846 1032 de
1890 991 1993 1048 qua
2025 979 2131 1032 nisi
2160 979 2306 1050 prius
2333 979 2596 1049 imperitia
2627 978 2952 1033 numerandi

594 1064 679 1116 vel
701 1064 999 1117 tabularum
1016 1065 1141 1117 vitio
1166 1066 1344 1134 lapsus
1367 1063 1461 1128 sit,
1486 1062 1721 1117 dubitare
1745 1081 1902 1117 nemo
1923 1065 2129 1135 poterit.
2163 1064 2296 1118 Ecce
2319 1064 2417 1117 tibi
2437 1065 2494 1117 in
2515 1063 2643 1129 hoc,
2668 1063 2818 1134 quod
2839 1070 2951 1117 tn·

595 1154 800 1202 ctamus
814 1189 831 1215 ,
851 1155 1162 1220 argumento
1187 1156 1386 1218 quanta
1405 1149 1475 1200 sit
1496 1148 1716 1203 istorum
1740 1147 2091 1204 characterum
2115 1151 2313 1204 utilitas
2333 1155 2486 1221 potes
2508 1149 2953 1204 animadvertere.

595 1234 744 1298 Quod
760 1236 919 1306 paulo
936 1240 1059 1305 post
1076 1235 1307 1305 Augusti
1327 1237 1550 1288 mortem
1568 1233 1696 1288 luna
1712 1234 1958 1289 defecerit
1976 1235 2079 1289 etsi
2101 1252 2169 1289 ex
2185 1234 2553 1289 historicorum
2568 1235 2953 1289 testificatione

595 1319 881 1385 credimus,
916 1327 999 1373 est
1030 1336 1095 1374 ea
1124 1326 1304 1374 tamen
1329 1325 1579 1374 constans
1608 1320 1811 1391 opinio,
1846 1320 1911 1374 de
1941 1322 2090 1376 cuius
2113 1320 2331 1375 veritate
2352 1337 2421 1375 ne
2441 1321 2704 1375 levissime
2725 1320 2956 1392 quidem

594 1405 875 1460 dubitatur.
922 1405 1038 1458 Iam
1068 1410 1262 1476 quotus
1292 1403 1377 1459 hic
1403 1421 1574 1459 annus
1597 1406 1669 1459 sit
1689 1422 1841 1459 aerae
1864 1405 2191 1461 Christianae
2213 1407 2494 1478 quaeritur.
2543 1405 2646 1471 Qui
2669 1407 2955 1477 cyclorum

595 1496 648 1545 et
670 1492 963 1562 ecclipseon
986 1491 1294 1545 methodum
1317 1490 1596 1556 damnant,
1621 1506 1759 1545 anno
1787 1490 2112 1562 Dionysiano
2137 1510 2244 1549 m.
2269 1493 2499 1546 tribuere
2521 1492 2709 1546 solent.
2781 1491 2955 1562 Atqui

593 1578 639 1632 is
664 1583 745 1631 est
768 1593 901 1642 xm,
931 1593 1030 1631 nec
1064 1577 1173 1630 ulla
1204 1593 1436 1647 unquam
1466 1577 1791 1630 astronomia
1822 1577 1984 1631 alium
2016 1576 2138 1632 huic
2170 1578 2408 1649 ecclipsi,
2443 1594 2578 1648 quae
2612 1579 2802 1648 paucis
2825 1581 2956 1648 poet

594 1664 822 1734 Augusti
844 1667 1069 1716 mortem
1102 1661 1309 1726 diebus,
1346 1662 1641 1733 Septembri
1673 1679 1854 1716 mense
1889 1663 2135 1733 contigit,
2168 1679 2366 1717 aunum
2399 1663 2627 1718 definiet.
2648 1691 2656 1701 ·
2677 1662 2813 1727 Quis
2837 1680 2954 1717 non

593 1749 755 1818 igitur
789 1765 857 1801 ex
892 1764 954 1801 eo
988 1747 1175 1801 confici
1206 1748 1499 1801 necessario
1531 1747 1764 1819 putabit,
1796 1749 2098 1819 Augustum
2127 1765 2278 1803 aerae
2302 1748 2628 1803 Christianae
2662 1764 2811 1802 auno
2837 1765 2952 1802 m.

593 1838 860 1887 mortuum
894 1849 1036 1898 esse,
1071 1850 1179 1886 non
1202 1851 1310 1888 xvi.
1327 1838 1351 1886 ἲ
1396 1833 1555 1887 Vides
1588 1834 1843 1887 maiorem
1874 1832 2103 1888 humana
2125 1833 2312 1898 fidem,
2345 1851 2463 1888 cum
2494 1834 2729 1887 humana
2761 1841 2956 1887 tamen

594 1920 916 1989 implicatam
941 1925 995 1970 et
1016 1935 1335 1972 connexam:
1372 1934 1509 1988 quae
1529 1919 1743 1972 tametsi
1765 1917 2050 1985 humanae,
2084 1920 2182 1973 hoc
2208 1926 2289 1973 est
2309 1920 2550 1985 alterius,
2583 1936 2692 1990 qua
2713 1920 2839 1973 solu
2861 1920 2956 1972 isti

593 2006 846 2068 nituntur,
871 2009 1010 2056 esset
1030 2004 1231 2069 similis,
1253 2021 1361 2057 non
1381 2003 1498 2057 ideo
1520 2008 1700 2057 tamen
1717 2005 2046 2075 aspernanda
2060 2004 2211 2074 foret,
2235 2006 2374 2074 quod
2391 2004 2638 2070 humanu,
2661 2005 2759 2059 sed
2776 2007 2868 2058 vel
2888 2021 2954 2059 eo

594 2088 806 2142 nomine
829 2088 1257 2153 commendanda,
1283 2088 1422 2160 quod
1440 2089 1507 2141 ad
1523 2088 1813 2144 humanam
1828 2088 2059 2143 humana
2073 2089 2206 2143 fides
2222 2090 2483 2156 adiuncta,
2505 2097 2567 2144 ut
2579 2107 2691 2144 non
2706 2089 2955 2144 humma

592 2174 859 2241 maiorem,
882 2174 957 2226 ita
974 2174 1211 2245 simplici,
1230 2189 1414 2245 eaque,
1432 2191 1537 2245 qua
1555 2176 1787 2229 contenti
1802 2175 1879 2228 illi
1896 2181 2035 2240 sunt,
2053 2176 2324 2230 certiorem
2341 2176 2701 2231 credulitatem
2716 2182 2954 2248 pareret.

592 2328 683 2382 DE
702 2327 1003 2383 VULGARI
1029 2327 1361 2382 METRODO
1387 2327 1524 2393 QUA
1549 2328 1816 2382 CHRISTI
1837 2327 2127 2383 NATALIS
2151 2328 2377 2384 ANNUS
2402 2329 2947 2387 INVESTIGATUR.

1235 2413 1355 2468 UBI
1387 2412 1476 2468 ΕΤ
1509 2413 1601 2467 DE
1637 2413 1821 2467 AERA
1852 2413 2284 2469 DIONYSIANA.

728 2517 896 2571 Nimis
918 2517 1087 2571 multa
1106 2516 1292 2571 fecisse
1315 2516 1476 2571 verba
1496 2515 1694 2582 videor,
1723 2533 1822 2570 nec
1859 2517 1983 2570 dnm
2005 2522 2182 2570 tamen
2206 2519 2282 2571 rei
2302 2518 2471 2589 ipsius
2495 2524 2655 2589 caput
2676 2519 2952 2591 attigisse.

592 2602 838 2657 Nondum
872 2604 1012 2659 enim
1047 2620 1150 2673 quo
1186 2620 1325 2657 anno
1358 2602 1618 2673 quibusve
1650 2618 1783 2657 coss.
1808 2607 1965 2657 natus
1997 2603 2067 2657 sit
2098 2604 2456 2675 exposuimus.
2501 2605 2614 2660 Hoc
2634 2605 2808 2677 igitur
2829 2607 2953 2677 qui·

593 2705 799 2761 cunque
822 2696 964 2743 certa
986 2690 1185 2745 ratione
1209 2688 1526 2759 investigare
1548 2689 1726 2742 conati
1747 2694 1893 2754 sunt,
1926 2689 2049 2747 licet
2079 2704 2185 2742 non
2218 2689 2396 2743 eadem
2419 2690 2555 2745 inter
2576 2708 2636 2744 se
2657 2695 2960 2760 senserint„

593 2792 697 2828 uno
728 2782 905 2828 tamen
936 2776 1225 2846 eodemque
1245 2774 1421 2828 Lucae
1452 2774 1755 2828 testimonio
1785 2774 1907 2827 freti
1942 2774 2169 2827 diversas
2201 2774 2256 2827 iu
2288 2781 2467 2845 partes
2490 2776 2753 2830 abierunt.
2803 2778 2929 2831 Scri

590 2867 769 2931 pserat
791 2848 1116 2932 evangelista
1141 2860 1462 2931 baptizatum
1493 2876 1609 2912 esse
1641 2860 1912 2912 dominum
1947 2875 2085 2912 auno
2115 2876 2206 2912 xv.
2228 2859 2449 2926 Tiberii,
2482 2879 2596 2913 cum
2627 2874 2766 2915 esset
2792 2867 2955 2933 quam·

592 2965 838 2998 annorum
862 2950 1109 3015 triqinta:
1156 2946 1248 2996 Kal
1283 2945 1430 3005 αὖτὀς
1463 2939 1522 3011 ἦν
1558 2943 1586 2995 ὁ
1613 2943 1802 3010 Ἰησοῦς
1834 2941 1944 3004 ὧςεὶ
1974 2941 2098 2994 ἐτῶν
2129 2941 2389 3015 τριάκοντα
2423 2944 2701 3017 ἀρχόμενος
2732 2949 2840 3017 ὢν,
2879 2946 2950 3009 ὡς

591 3029 839 3101 ἐνομίζετο
864 3037 961 3086 etc.
1009 3030 1154 3095 Quae
1175 3030 1336 3084 verba
1358 3045 1524 3083 unum
1545 3028 1687 3082 istud
1711 3027 2037 3098 significant,
2068 3044 2176 3083 non
2199 3030 2424 3084 multum
2449 3047 2482 3083 a
2502 3032 2776 3086 tricesimo
2799 3048 2952 3087 anno

591 3117 777 3169 aetatis
800 3116 1047 3170 abfuisse.
1086 3115 1189 3169 Sed
1214 3120 1391 3170 utrum
1408 3114 1673 3167 tricesimo
1697 3114 1938 3166 absoluto
1963 3119 2016 3166 et
2036 3114 2200 3168 altero
2223 3131 2285 3168 ac
2309 3116 2573 3171 tricesimo
2595 3119 2822 3173 ineunte
2835 3160 2850 3186 ‚
2877 3136 2952 3174 an

589 3206 713 3271 post
734 3217 884 3253 xxxx.
923 3201 1136 3253 ineunte
1160 3217 1284 3252 xxx.
1308 3199 1362 3251 id
1393 3198 1664 3263 acciderit,
1700 3198 1889 3251 diserte
1919 3214 2026 3250 non
2061 3200 2342 3269 explicant.
2411 3202 2524 3257 Imo
2548 3220 2674 3257 vero
2698 3205 2829 3258 licet
2852 3206 2952 3263 ali·

593 3286 710 3354 quis
734 3283 1000 3337 Christum
1020 3300 1161 3337 anno
1185 3270 1401 3348 xxvms,
1425 3284 1509 3336 vel
1526 3300 1745 3348 xxxin„
1769 3284 2092 3353 baptizatum
2115 3296 2232 3337 esse
2253 3285 2418 3353 dicat,
2441 3305 2550 3341 non
2571 3294 2758 3343 tamen
2783 3306 2950 3345 evan-

592 3370 790 3439 gelicae
813 3370 1077 3422 autoritati
1100 3384 1217 3422 meo
1241 3368 1432 3421 iudicio
1466 3373 1748 3438 repugnet,
1783 3368 1846 3421 de
1881 3384 1984 3438 quo
2017 3371 2353 3438 postmodum
2375 3372 2653 3429 videbitur.
2703 3374 2820 3429 Sed
2855 3378 2951 3447 qui

591 3453 764 3506 Lucae
780 3453 940 3506 verba
961 3454 1354 3523 angustioribus
1377 3453 1560 3525 spatiis
1584 3453 2128 3523 circumscripserunt‚
2161 3454 2251 3508 alii
2268 3474 2376 3510 xxx
2410 3465 2536 3511 tunc
2560 3475 2735 3514 annos
2760 3464 2950 3532 exple·

594 3544 676 3592 tos
698 3538 886 3603 fuisse,
921 3539 1011 3592 alii
1032 3556 1163 3592 xxrx
1194 3538 1455 3592 duntaxat
1477 3538 1676 3608 opinati
1699 3545 1836 3592 sunt.
1872 3537 2088 3609 UtrIque
2105 3556 2227 3592 vero
2245 3541 2566 3613 baptizatum
2585 3547 2780 3599 volunt
2796 3547 2950 3603 Glut-

594 3627 737 3675 stum
756 3623 993 3677 Geminis
1015 3624 1218 3677 duobus
1244 3642 1378 3679 coss.
1405 3640 1542 3677 anno
1566 3624 1768 3677 Iuliano
1789 3641 1991 3690 unm,
2017 3624 2154 3694 quod
2178 3625 2232 3678 iu
2256 3641 2379 3681 eum
2401 3629 2601 3683 incidat
2617 3630 2826 3686 Tiberii
2849 3649 2948 3688 an-

592 3725 693 3762 nus
717 3726 803 3762 xv.
826 3711 1090 3780 superiore
1113 3725 1252 3763 anno
1276 3726 1345 3763 ex
1367 3710 1431 3765 A.
1442 3710 1505 3763 D.
1524 3726 1632 3765 m.
1649 3708 1765 3764 Kal.
1787 3709 1931 3780 Sept.
1957 3708 2250 3765 inchoatus.
2285 3710 2433 3765 Unde
2456 3730 2578 3767 cum
2599 3716 2658 3769 in
2683 3717 2950 3789 baptismi

592 3810 731 3847 anno
755 3795 1094 3859 conveniant,
1116 3795 1173 3847 in
1195 3795 1358 3848 natali
1379 3795 1492 3866 ipso
1517 3811 1624 3848 uno
1649 3792 1789 3848 auno
1807 3795 2071 3850 dissident.
2104 3794 2336 3851 Priorem
2354 3797 2418 3851 de
2433 3799 2648 3871 expleto
2665 3803 2947 3859 tricesimo

594 3896 734 3933 anno
766 3884 965 3932 sectam
999 3886 1052 3933 et
1081 3880 1380 3950 opinionem
1400 3881 1632 3935 Annales
1656 3880 2007 3934 Ecclesiastici
2037 3887 2352 3950 sequuntur,
2394 3884 2725 3957 eandemque
2761 3896 2950 3945 tuetur

591 3966 840 4019 acerrime
864 3964 1100 4033 Scaliger
1122 3982 1194 4019 vr.
1221 3964 1284 4017 de
1306 3964 1521 4020 Emend.
1544 3965 1724 4036 Temp.
1771 3965 1875 4019 Sed
1905 3980 2125 4035 magno,
2161 3972 2220 4019 ut
2248 3968 2404 4033 solet,
2437 3975 2632 4024 conatu
2663 3972 2948 4031 levissime

589 4052 793 4121 probat.
860 4051 950 4104 Sic
983 4050 1124 4102 enim
1146 4049 1375 4102 disserit:
1410 4048 1648 4103 Christus
1670 4051 1927 4104 Dominus
1950 4068 2060 4104 xxx
2082 4064 2248 4103 annos
2273 4052 2597 4109 absolverat.
2661 4057 2806 4113 Nam
2829 4079 2947 4115 xxx

590 4152 845 4189 annorum
868 4138 916 4187 is
940 4150 1058 4188 esse
1082 4133 1268 4188 dicitur
1292 4136 1383 4205 qui
1404 4135 1727 4189 tricesimum
1750 4152 1946 4189 annum
1971 4136 2219 4188 absolvit:
2254 4140 2317 4188 ut
2348 4140 2627 4195 anniculus
2662 4150 2752 4197 est
2771 4147 2823 4199 is
2849 4149 2946 4218 qui

591 4236 820 4275 coonxv.
839 4220 979 4274 diem
1002 4219 1202 4289 attigit,
1225 4219 1546 4289 Leg.Annic.
1565 4219 1630 4273 de
1648 4220 1801 4275 Verb.
1821 4221 1957 4290 sign.
1989 4219 2142 4284 Quod
2166 4225 2342 4275 autem
2364 4226 2576 4295 scripsit
2594 4227 2774 4283 Lucus
2790 4272 2804 4298 ,
2831 4230 2945 4293 ὧςιὶ

590 4304 875 4375 τριάκοντα,
906 4305 1164 4377 particula
1197 4305 1301 4358 ista
1324 4303 1470 4376 Caph
1492 4310 1574 4358 est
1596 4320 1703 4359 non
1726 4303 2044 4375 ἀπορητικὸν,
2081 4304 2172 4358 sed
2195 4302 2447 4379 ἀληθινὸν,
2471 4317 2533 4363 ut
2549 4312 2687 4367 illud
2710 4315 2867 4371 loun.
2898 4320 2945 4373 1.

589 4396 740 4461 quasi
759 4395 1012 4461 uniqeniti
1033 4412 1067 4443 α
1082 4400 1256 4460 patre.
1290 4389 1397 4443 Sed
1417 4399 1518 4443 esto
1530 4429 1545 4455 ,
1568 4390 1765 4462 inquit,
1790 4388 2109 4460 ἂπορητικὸνε
2134 4390 2306 4443 Pauci
2324 4398 2487 4461 ἐρίων
2503 4398 2616 4451 dice
2633 4405 2945 4472 complendo

587 4493 714 4532 xxx.
740 4496 874 4529 anno
908 4480 1149 4539 deerant,
1178 4485 1310 4545 puta
1343 4492 1439 4540 ιι,
1472 4478 1554 4527 vel
1581 4480 1794 4529 menm‘s:
1824 4493 2110 4544 quanquam
2139 4494 2202 4528 ne
2231 4483 2414 4531 mensis
2436 4485 2637 4549 quadem
2663 4488 2947 4556 defflmm

586 4565 842 4626 videatur,
874 4568 924 4615 si
953 4559 1063 4622 ὡςεὶ
1094 4558 1400 4630 ἀπορητικῶς
1430 4565 1766 4631 accipiamus.
1812 4559 1917 4612 Sed
1937 4565 2118 4612 mem
2140 4563 2472 4631 desideretur,
2497 4577 2593 4619 aue
2612 4572 2718 4625 duo
2742 4591 2947 4628 mem,

589 4667 722 4703 anno
747 4652 1001 4701 tricesimo
1024 4647 1355 4712 αόεοΙυεηᾰος
1392 4656 1443 4700 et
1464 4649 1573 4701 dieo
1597 4648 1836 4716 {mptum
1857 4655 1958 4699 ceto
1980 4662 2051 4704 vr.
2079 4648 2194 4700 Ian.
2243 4647 2385 4717 Erqo
2409 4653 2581 4705 eodem
2608 4674 2754 4710 anno
2771 4662 2943 4730 paulo
