3185 5219
922 454 1244 509 enum-At
1282 457 1362 508 AB
1399 457 1544 509 Am.
1581 459 1838 510 mimo.
2462 452 2545 516 69

218 574 618 644 interpungitur,
668 591 718 643 p.
740 578 838 625 896
875 578 1066 642 (1029)
1102 586 1154 627 et
1186 593 1339 645 saepe
1370 576 1504 630 alibi.
1574 578 1768 629 Nostro
1799 577 1917 629 loco
1952 579 2154 630 verbum
2189 579 2419 636 λέλεκται
2453 599 2548 635 co-

217 660 463 730 gitatione
497 660 827 728 repetendum
861 660 927 712 ad
960 658 1025 715 τὰ
1073 658 1305 729 ύπεράνω
1354 663 1455 717 τῶν
1502 656 1742 728 ούρανῶν.
1824 660 2000 719 Πόθεν
2047 674 2124 715 est
2174 666 2433 733 negantis,
2488 677 2547 718 ut

217 748 279 800 T.
300 748 389 798 111.
415 764 466 815 p.
488 750 589 797 210
614 749 768 811 (925)
812 746 894 796 ubi
920 745 1019 798 vid.
1047 756 1218 801 annot.
1255 749 1431 817 Neque
1465 747 1515 799 in
1549 748 1756 817 integris
1776 758 1971 800 tantum
2006 750 2436 802 enunciationibus
2453 749 2548 807 πό-

219 832 302 885 θεν
340 860 399 870 -
427 850 441 892 ;
494 830 710 899 negandi
746 831 846 882 vim
879 831 1065 894 habet,
1115 832 1207 883 sed
1239 832 1492 884 interdum
1525 833 1676 884 otiam
1712 852 1801 902 per
1834 851 1892 885 se
1924 834 2021 885 hac
2055 836 2104 885 vi
2138 836 2356 903 ponitur.
2424 837 2545 888 Vid.

217 924 388 968 annot.
426 915 478 970 in
515 919 673 968 Elium
710 919 829 970 Cret.
868 916 966 968 col.
1009 920 1109 967 828
1144 918 1281 985 (15).
1310 935 1384 986 sq.
1471 917 1538 981 Si¹
1558 935 1656 986 qna
1688 918 1852 970 adhuc
1898 936 2025 987 opus
2060 931 2138 974 est
2173 920 2545 983 emendatione,

217 994 250 1055 ἃ
283 1011 406 1053 ante
437 999 598 1057 πόθεν
632 1000 781 1052 adiici
818 1002 982 1052 velim.

351 1088 407 1137 P.
439 1091 542 1137 478
579 1091 751 1153 (660).
833 1086 961 1148 Εἰς
1013 1088 1359 1156 σωτηρίαν
1408 1082 1920 1157 ἀπεσταλμένος
1969 1087 2428 1146 ἐκινδύνευσε
2465 1121 2542 1141 --

221 1169 431 1240 Πόσῳ
467 1188 540 1240 γε
575 1174 832 1240 μᾶλλον
867 1170 905 1241 τί
941 1170 1120 1243 ψυχή
1159 1171 1652 1229 κινδυνεύσειε
1687 1202 1751 1215 -·
1787 1178 1907 1240 -;]
1964 1175 2231 1227 Rescribo:
2284 1176 2355 1231 Εἰ
2388 1173 2436 1233 δ’
2473 1178 2557 1240 εἰς·

219 1256 473 1326 σωτηρίαν
527 1255 848 1312 ἐκινδύνευσε
883 1287 950 1300 -
984 1287 1052 1298 -
1071 1296 1085 1322 ,
1153 1255 1303 1328 πόσῳ
1354 1277 1417 1327 γε
1467 1260 1653 1328 μᾶλλον
1704 1256 1742 1327 τί
1779 1257 1919 1329 ψυχὴ
1974 1258 2312 1316 κινδυνεύσειε
2345 1291 2411 1301 -
2448 1283 2545 1328 -;

218 1343 362 1395 Conf.
400 1360 528 1411 quac
565 1341 718 1394 modo
752 1342 992 1396 annotavi
1029 1341 1094 1393 ad
1129 1348 1298 1411 p.4⁷4
1336 1347 1510 1409 (659).

347 1428 405 1479 P.
441 1432 542 1479 482
581 1428 750 1497 (662).
801 1428 1282 1496 φρενητιῶντε
1300 1429 1346 1497 ς]
1386 1429 1703 1498 Legendum:
1745 1430 2107 1497 φρενιτιῶντες.
2179 1433 2395 1486 Verbum
2426 1452 2547 1501 φρε-

213 1515 403 1581 νιτιᾶν,
439 1513 575 1581 quod
614 1532 665 1583 p.
690 1517 787 1566 522
825 1514 981 1582 (691)
1018 1513 1259 1576 recurrit,
1312 1514 1636 1566 referendum
1670 1515 1721 1566 in
1756 1514 2026 1567 rarioribus
2062 1516 2243 1580 verbis,
2295 1518 2347 1569 in
2382 1520 2548 1574 -ιᾶν

213 1598 541 1662 exeuntibus,
582 1616 791 1668 quorum
827 1598 1068 1651 nonnulla
1107 1602 1414 1652 casaubonus
1451 1601 1663 1652 Exercit.
1700 1602 1738 1653 1.
1775 1600 1841 1651 ad,
1878 1606 2117 1668 Apparat.
2150 1603 2330 1655 Annnl.
2365 1606 2546 1657 Baton.

209 1701 261 1752 p.
279 1688 361 1734 22.
381 1687 423 1734 b.
457 1701 535 1751 sq.
575 1684 907 1752 consignavit,
945 1685 995 1735 in
1019 1684 1099 1735 his
1138 1695 1317 1736 nostro
1350 1702 1412 1736 ex
1433 1686 1549 1737 loco
1573 1684 1867 1737 mendosum
1884 1689 2174 1754 φρενητιᾶν,
2210 1688 2346 1757 quod
2379 1691 2441 1741 T.
2463 1691 2546 1740 111.

211 1786 262 1837 p.
294 1772 399 1820 320
433 1769 587 1836 (988)
621 1769 845 1820 recurrit.
932 1769 1072 1821 Idem
1122 1780 1387 1836 praeterea
1420 1770 1683 1821 annotavit
1715 1773 1962 1839 φανητιᾶν
1997 1789 2063 1823 ex
2097 1776 2351 1839 Africano,
2398 1777 2551 1844 βασι-

214 1855 348 1908 λειᾶν
385 1871 447 1905 ex
478 1856 668 1918 loseph«,
705 1856 759 1904 B.
801 1853 908 1906 lud.
948 1857 1009 1906 11.
1048 1859 1096 1905 6.
1145 1866 1196 1908 et
1233 1854 1542 1911 ἐπιδεικτιᾶν
1579 1873 1640 1906 ex
1676 1859 1955 1908 Theodoram
1989 1859 2051 1908 H.
2086 1861 2141 1908 E.
2179 1860 2216 1908 Ι.
2248 1864 2297 1910 4.
2366 1858 2549 1926 Φανη·

209 1940 319 1994 nav
354 1940 509 1992 habet
542 1939 693 1989 etiam
729 1941 931 2006 Procop.
962 1940 1241 1992 comment.
1274 1941 1328 1992 in
1364 1941 1600 1994 Proverb.
1636 1959 1687 2010 p.
1709 1945 1794 1993 98.
1824 1942 1906 1994 ed.
1946 1942 2060 1994 Mai.
2131 1943 2323 1997 Eodem
2358 1963 2419 1995 ex
2454 1962 2550 2013 ge-

210 2042 333 2076 nere
370 2038 448 2077 est
479 2029 760 2095 τρυφητιᾶν
795 2045 875 2095 ap.
912 2030 1054 2079 clem.
1083 2031 1214 2079 Alex.
1252 2026 1465 2094 Paedag.
1502 2030 1684 2095 p.325.
1725 2026 1808 2077 ed.
1839 2028 2031 2079 Potter.
2101 2029 2230 2080 Vide
2254 2033 2451 2083 Lobedt.
2484 2031 2547 2083 ad

214 2114 469 2174 Pan-vniat.
509 2130 561 2180 p.
585 2116 663 2163 79.
684 2130 758 2181 sq.
793 2129 973 2181 meque
1007 2112 1060 2162 in
1101 2113 1276 2165 Annal.
1312 2111 1494 2164 Philol.
1530 2112 1789 2182 supplem.
1825 2114 1886 2165 T.
1919 2114 1991 2163 X.
2032 2114 2173 2164 Fasc.
2211 2116 2272 2163 Π.
2308 2132 2358 2183 p.
2380 2120 2499 2167 231.

349 2198 406 2248 Ρ.
441 2201 542 2248 486
574 2198 743 2265 (664).
816 2195 875 2250 εἰ
911 2194 997 2266 μὴ
1035 2195 1072 2264 ἢ
1111 2196 1369 2265 σελήνη
1420 2196 1809 2266 ἐπληροῦτο
1857 2196 1969 2250 καὶ
2004 2195 2302 2269 ἐφθίνει]
2342 2200 2548 2252 Nollem

211 2283 325 2336 loco
358 2282 546 2351 vulgati
580 2281 755 2350 ἔφθινε
787 2292 1046 2354 receptum
1080 2280 1288 2351 ἑφθίνει.
1364 2285 1418 2334 ln
1452 2300 1541 2334 usn
1576 2282 1778 2351 quidem
1817 2291 1934 2333 sunt
1981 2280 2221 2351 φθινήσω
2256 2294 2309 2334 et
2338 2284 2549 2350 similia;

209 2366 496 2420 inauditum
535 2385 657 2419 vero
687 2367 896 2435 φθινέω.

356 2455 412 2509 Ρ.
440 2457 540 2504 486
580 2453 752 2522 (666).
819 2450 1127 2508 Ἐκεῖνοι
1158 2452 1278 2523 γὰρ
1315 2451 1794 2521 καθεζόμενοι
1829 2455 2147 2524 κηφῆνες
2180 2455 2296 2510 καὶ
2331 2456 2550 2523 μηδὲν

211 2537 239 2593 ζ
255 2535 473 2607 ργαζό
492 2558 532 2606 μ
551 2555 686 2593 ενοι
721 2541 846 2605 cet.]
884 2539 999 2590 Vid.
1027 2542 1270 2591 Ruhnken.
1293 2539 1358 2590 ad
1383 2544 1502 2592 Tim.
1542 2541 1663 2591 Lex.
1689 2542 1815 2591 Voc.
1837 2540 1965 2593 Plat.
2002 2559 2048 2609 p.
2075 2545 2189 2591 157.
2211 2559 2288 2611 sq.
2324 2551 2378 2592 et
2410 2541 2551 2593 conf.

211 2628 452 2690 epiphan.
476 2627 540 2678 Τ.
563 2627 650 2677 111.
684 2644 735 2694 p.
756 2629 858 2677 468
886 2623 1170 2693 (1070)μῆ
1207 2623 1381 2693 α’ργόν,
1413 2623 1547 2694 μήτε
1581 2622 1765 2695 οἷεργόν
1800 2625 1891 2680 καὶ
1925 2622 2286 2695 ἀκαιροφάγον,
2316 2625 2452 2695 μηδὲ
2468 2628 2547 2697 ‘tui

215 2711 414 2779 κηφῆνι
434 2711 536 2765 τῶν
562 2711 820 2779 μελισσῶν
857 2711 1212 2781 [supplendum
1236 2707 1578 2779 είκάζεσθαι],
1611 2709 1921 2780 ἐργάζεσθαι
1948 2710 2008 2766 δὲ
2035 2718 2148 2772 ταῖς
2176 2712 2328 2773 ἰδίαις
2355 2712 2545 2782 χερσίν.

357 2799 412 2848 Ρ.
443 2800 544 2846 494
584 2796 755 2864 (669).
823 2795 896 2851 τὸ
934 2793 1456 2863 ἀπερίσπαστον
1503 2797 1614 2850 τοῦ
1653 2790 2094 2864 εύαγγελίου]
2145 2794 2223 2851 Τὸ
2260 2792 2577 2864 ἅπερίσπα-’

213 2899 334 2936 στον
382 2892 459 2932 est
509 2885 830 2946 tranquillitas
865 2886 1016 2935 antimi
1032 2920 1049 2946 ‚
1098 2898 1246 2950 qnam
1294 2880 1607 2948 evangelium
1653 2882 1713 2932 iis
1746 2891 1890 2949 parat
1905 2919 1921 2946 ,
1975 2881 2058 2950 qui
2094 2882 2240 2931 anxia
2275 2899 2391 2933 cura
2424 2880 2550 2950 legis

215 2966 564 3020 observandae
612 2965 811 3018 liberati
860 2979 992 3019 sunt.
1066 2967 1214 3019 Conf.
1251 2983 1390 3036 seqq.
1441 2960 1695 3028 Ἐκείνοις
1727 2965 1817 3034 μὲν
1852 2963 1949 3033 γὰρ
1987 2976 2085 3017 cet.
2158 2968 2233 3018 De
2270 2967 2424 3019 verbo
2458 2984 2548 3020 πε-

213 3054 431 3119 ρισπᾶν,
466 3051 630 3121 deque
670 3053 926 3104 vocabulis
959 3053 1080 3105 inde
1113 3052 1356 3121 profectis
1391 3051 1493 3103 vid.
1522 3062 1698 3104 annot.
1734 3053 1787 3103 in
1822 3055 1982 3103 Elium
2016 3056 2140 3105 Cret.
2179 3051 2275 3104 col.
2315 3056 2409 3103 761
2443 3052 2548 3120 (5).

217 3136 537 3189 Adiectivum
570 3134 948 3205 ἀπερίσπαστος
980 3141 1170 3191 Noster
1205 3137 1355 3189 etiam
1389 3138 1452 3189 T.
1487 3139 1549 3189 11.
1580 3142 1750 3205 p.178
1788 3138 1941 3205 (496)
1973 3138 2144 3189 habet.

358 3225 526 3274 Ρ.564
568 3224 740 3290 (714).
792 3223 973 3291 Περὶ
1008 3222 1084 3279 δὲ
1116 3226 1244 3290 τῆς
1276 3218 1666 3291 ἀναλογῆς,
1702 3213 1784 3289 ἧς
1816 3213 2023 3292 ἦλθεν
2060 3219 2089 3276 ὁ
2128 3221 2356 3292 σωτήρ
2392 3217 2551 3277 α’να-

214 3308 558 3372 λέξασθαι
589 3309 967 3377 παρθενίαν
1003 3312 1124 3376 cet]
1171 3308 1292 3361 Noli
1330 3308 1552 3375 cogitare
1589 3310 1654 3359 de
1688 3325 1815 3361 voce
1846 3299 1917 3378 ἧς
1950 3308 2003 3358 in
2034 3300 2075 3378 ᾗ
2110 3309 2365 3361 mutanda.
2434 3308 2548 3360 Vid.

217 3399 392 3447 Ψίθιον.
431 3395 651 3446 Gratum.
689 3394 865 3446 ldiom.
902 3395 1036 3446 Novi
1070 3395 1230 3446 Foed.
1281 3398 1326 3463 ᾗ.
1360 3398 1439 3445 24.
1479 3400 1527 3444 1.
1576 3406 1748 3446 annot.
1801 3405 1855 3445 et
1904 3395 2041 3446 conf.
2075 3398 2311 3459 Epiphan.
2360 3395 2425 3446 Τ.
2462 3397 2550 3446 111.

213 3498 264 3549 p.
300 3484 365 3531 22
405 3480 557 3548 (819)
607 3476 740 3533 κατὰ
773 3476 919 3549 χάριν
953 3478 1253 3548 δυνάμεως,
1308 3471 1380 3547 τῖς
1421 3474 1800 3548 ἑνεδυνάμωσεν
1835 3475 1865 3534 ὅ
1898 3477 2112 3540 δυνατὸς
2146 3478 2197 3533 ἐν
2231 3475 2407 3533 ἅπασι.
2481 3485 2549 3532 48

217 3565 376 3634 (884)
412 3563 801 3632 Παραθῆσομαι
833 3563 893 3621 δὲ
927 3554 1079 3626 αὖθις
1111 3565 1200 3619 καὶ
1233 3563 1328 3632 τὴν
1363 3564 1567 3620 ἔκθεσιν
1601 3566 1692 3619 τοῦ
1730 3561 1879 3632 λόγου
1895 3602 1912 3625 ,
1952 3556 2011 3618 ού
2044 3565 2318 3632 πεποίηται
2351 3561 2550 3635 Ἰουλίῳ

215 3687 260 3704 ..
303 3647 334 3704 ὅ
371 3645 529 3710 αύτός
562 3647 876 3718 Μάρκελλος.
929 3651 1106 3719 quibus
1142 3668 1204 3701 ex
1239 3651 1362 3703 locis
1397 3650 1726 3717 intelligitur,
1760 3666 1863 3701 non
1896 3649 2059 3700 solum
2095 3648 2317 3700 dativum
2354 3668 2551 3718 prono-

213 3734 366 3788 minis
401 3735 630 3797 relativi,
669 3747 724 3786 ut
757 3747 934 3788 nostro
968 3736 1104 3800 loco,
1140 3736 1232 3788 sed
1263 3735 1416 3788 etiam
1451 3735 1786 3787 accusativum
1821 3752 1850 3785 a
1884 3735 2106 3802 genitivo
2145 3735 2362 3788 nominis
2398 3755 2551 3805 prae-

215 3820 376 3890 gre-si
411 3821 616 3873 attrahi.
690 3820 835 3872 Adde
867 3831 1041 3874 annot.
1076 3822 1128 3872 in
1165 3823 1226 3872 T.
1265 3824 1352 3874 ιιι.
1392 3825 1526 3890 μοι
1565 3821 1737 3889 (859).
1785 3823 1885 3871 2⁶2
1924 3806 2096 3888 (948).

356 3907 410 3957 Ρ.
442 3907 753 3976 5680117).
803 3907 1095 3977 Σχίσμα
1128 3905 1496 3974 ἐποίησεν,
1534 3901 1607 3961 ού
1643 3903 1778 3974 μὴν
1816 3905 2396 3974 μετηλλαγμένος
2428 3905 2551 3974 τήν

214 3991 460 4046 πίστιν
494 3992 905 4062 γεγένηται.]
975 3992 1422 4061 Μετηλλαγμένως
1453 3992 1570 4044 libri
1607 4009 1794 4045 omnes.
1865 3994 2004 4055 Quae
2039 3991 2196 4043 lectio
2232 3992 2423 4060 optime
2454 3992 2552 4044 ha-

212 4076 393 4144 bebit,
449 4076 492 4127 si
538 4088 658 4145 post
701 4077 794 4146 τήν
826 4078 994 4133 πίστιν
1041 4088 1227 4147 puncto
1263 4078 1548 4130 distinxeris
1588 4088 1642 4130 et
1675 4076 1942 4146 γεγένηται
1975 4076 2039 4127 nd
2076 4077 2414 4146 insequentia:
2466 4068 2552 4133 ού-

216 4178 307 4222 τος
341 4198 354 4211 .
378 4199 391 4213 .
433 4163 778 4232 συλληφθεὶς,
829 4165 1073 4217 retnleris.
1143 4163 1450 4232 Periphrasis
1482 4164 1535 4216 in
1570 4163 1761 4215 verbis:
1815 4159 2085 4231 γεγένηται
2121 4161 2463 4231 συλληφθεὶς,
2498 4162 2551 4215 id

217 4260 304 4303 est
340 4247 670 4317 συνελήφθη,
707 4250 894 4301 nullam
929 4250 1258 4302 offensionem
1293 4248 1466 4301 habet.
1537 4249 1656 4301 vid.
1676 4254 1771 4302 Ast.
1810 4248 2152 4300 Animadvers.
2192 4249 2243 4300 in
2280 4253 2407 4301 Plat.
2427 4251 2550 4318 Leg.

215 4355 270 4406 p.
293 4338 408 4386 130.
447 4334 560 4387 coll.
597 4346 771 4387 annot.
804 4336 856 4387 in
894 4336 1138 4404 Epiphan.
1177 4337 1322 4387 T.11.
1353 4353 1400 4402 p.
1419 4340 1520 4386 280
1544 4337 1716 4403 (544).
1764 4333 2065 4387 Adverbium
2102 4333 2553 4402 μετηλλαγμένως,

214 4423 545 4475 mutuum
578 4424 739 4486 sacto,
790 4422 868 4473 cui
901 4422 1135 4474 adiicitur
1168 4419 1262 4489 τήν
1294 4422 1490 4485 πίστιν,
1525 4426 1577 4473 in
1612 4424 1735 4486 fide,
1782 4438 1837 4471 se
1873 4430 2041 4471 tuetur
2074 4420 2306 4489 analogia
2343 4420 2553 4474 aliorum

217 4511 278 4563 id
309 4527 468 4578 genus
504 4506 885 4572 adverbiorum,
928 4525 1088 4577 quae,
1137 4508 1259 4559 licet
1291 4507 1345 4558 in
1381 4506 1574 4558 Lexicis
1610 4506 1895 4575 vulgaribus
1930 4506 2037 4557 sere
2072 4506 2339 4573 neglecta,
2384 4517 2551 4561 tamen

218 4615 335 4648 cum
369 4594 504 4664 apud
540 4594 663 4646 alios
698 4592 985 4661 scriptores,
1020 4593 1314 4661 praesertim
1351 4592 1649 4663 posterioris
1681 4592 1877 4653 aetatis,
1917 4602 2019 4641 tum
2056 4591 2192 4660 apud
2228 4595 2553 4658 Epiphaniam

214 4681 355 4738 haud
390 4697 508 4735 raro
544 4687 827 4733 occurrunt.
898 4678 1098 4733 Videtis
1133 4696 1243 4734 mea
1278 4678 1343 4731 ad
1379 4683 1539 4731 Elium
1576 4682 1697 4735 oret.
1735 4678 1828 4729 col.
1871 4680 1968 4729 798
2005 4678 2142 4746 (11).
2182 4695 2259 4747 sq.
2330 4680 2403 4730 Ex
2437 4680 2554 4733 No-
