3185 5219
621 374 790 461 xcvl

620 536 829 584 nostrae
864 547 1000 596 xm,
1045 547 1255 584 necesse
1296 535 1379 584 est
1409 536 1469 585 ut
1501 547 1672 586 snnus
1704 531 1936 586 Iulisnus
1973 523 2264 588 ccsxxxm'.
2300 533 2370 590 sit
2402 550 2554 588 serae
2587 533 2939 604 Dionysiana

621 631 940 680 ccxxxviii„
974 633 1077 687 quo
1111 617 1268 670 etiam
1299 616 1622 686 Olympiadis
1655 632 1831 672 ccuv.
1857 633 1995 672 suno
2028 620 2194 689 primo
2226 620 2493 674 desinente
2524 620 2808 685 secundus,
2839 618 2939 673 hoc

620 708 701 754 est
722 700 877 772 Iphiti
900 719 1047 755 niv.
1093 701 1150 754 Si
1175 702 1410 771 quidem,
1442 707 1500 754 ut
1535 707 1587 754 et
1608 702 1838 756 Annales
1870 705 2225 769 consentiunt,
2254 704 2456 759 Iuliano
2480 724 2630 759 xnm.
2653 707 2826 775 coepit
2848 721 2940 758 sn·

618 803 719 840 nus
740 805 799 842 u.
828 785 1033 857 Olymp.
1061 803 1264 851 cxciv„
1287 788 1397 840 sive
1420 786 1575 858 Iphiti
1599 787 1713 840 774.
1761 790 1918 858 Atqui
1941 788 2022 842 hic
2046 791 2157 861 ipse
2179 790 2411 844 Iulianus
2433 808 2601 844 snnus
2620 790 2761 856 283„
2786 790 2940 862 Iphiti

624 873 768 926 1014.
781 912 799 937 ,
817 873 1169 926 memorabilis
1192 877 1274 926 est
1295 872 1381 926 ille
1406 871 1679 926 Censorini
1700 889 1869 927 annus
1882 914 1897 940 ,
1927 891 2083 945 quem
2102 875 2253 946 Ulpio
2273 880 2327 929 et
2341 875 2594 930 Pontiano
2617 893 2752 930 coss.
2777 883 2939 941 notat,

618 957 771 1012 Urbis
795 958 1043 1012 Conditae
1068 958 1210 1023 991„
1233 959 1323 1028 qui
1346 975 1463 1011 cum
1487 975 1638 1012 aerae
1660 958 2012 1028 Dionysisnae
2035 961 2102 1014 sit
2126 961 2267 1026 238„
2301 962 2560 1015 bisextilis
2582 978 2692 1017 nou
2715 968 2820 1027 est,
2845 961 2938 1014 sed

616 1058 649 1095 a
671 1044 876 1098 bisexto
899 1043 1175 1098 secundus.
1221 1043 1387 1113 Igitur
1411 1049 1461 1098 et
1486 1044 1871 1098 ducentesimus
1895 1047 2245 1115 octogesimus
2269 1048 2452 1101 tertius
2480 1053 2602 1102 ante
2631 1048 2806 1110 illum,
2839 1046 2939 1100 hoc

616 1135 697 1182 est
715 1130 917 1199 primns
938 1129 1197 1193 Iulianus,
1231 1129 1487 1183 bisextilis
1515 1130 1639 1194 fuit,
1672 1135 1725 1182 et
1747 1129 1889 1195 241„
1925 1132 2034 1184 sive
2056 1132 2289 1185 Iulianus
2310 1133 2420 1196 43„
2453 1132 2607 1203 Iphiti
2631 1132 2771 1198 774„
2799 1132 2940 1186 Leu-

614 1215 723 1268 tulo
748 1221 802 1268 et
822 1215 1125 1268 Marcellino
1150 1230 1313 1279 coss„
1345 1232 1449 1269 non
1476 1216 1754 1280 bisextilis,
1787 1216 1878 1269 sed
1911 1217 1978 1270 ab
2010 1234 2071 1270 eo
2094 1217 2352 1271 secundus
2377 1225 2472 1270 est.
2519 1217 2662 1281 Quse
2683 1218 2864 1272 omnia
2881 1217 2939 1272 id

612 1300 753 1370 quod
771 1301 924 1354 modo
943 1301 1267 1371 propositum
1285 1305 1366 1352 est
1387 1301 1674 1353 certissime
1698 1300 2071 1366 demonstrant,
2093 1318 2288 1356 annum
2312 1302 2570 1357 Iulianum
2592 1304 2819 1373 primum
2843 1320 2938 1373 per

610 1401 912 1456 regressum
933 1387 990 1439 in
1014 1386 1273 1439 anteriors
1294 1402 1496 1455 usuque
1519 1394 1699 1438 nostro
1724 1386 2018 1441 bisextilem
2042 1403 2179 1452 esse,
2205 1395 2265 1442 ut
2285 1394 2338 1442 et
2359 1388 2552 1441 Paulus
2567 1389 2935 1458 Forosempro·

610 1472 809 1526 niensis
833 1472 1024 1525 docuit.
1070 1470 1165 1524 Est
1197 1477 1371 1524 autem
1403 1472 1459 1524 in
1492 1471 1867 1525 constituendis
1900 1473 2230 1526 bisextilibus
2264 1473 2531 1527 habendae
2563 1490 2673 1528 non
2694 1474 2935 1528 editionis

608 1556 842 1612 Iulianae
855 1597 869 1622 ,
892 1556 983 1611 sed
1000 1557 1334 1626 Augustaeae
1359 1572 1419 1609 ac
1445 1563 1655 1610 nostrae
1676 1558 1835 1620 ratio;
1859 1557 1911 1610 id
1930 1557 2069 1628 quod
2088 1559 2364 1613 annalibus
2381 1559 2694 1629 imposuisse
2713 1560 2933 1612 videtur.

610 1643 673 1697 In
693 1643 884 1715 quibus
907 1658 1027 1696 cum
1048 1659 1116 1695 ex
1132 1642 1252 1695 Iulii
1270 1642 1506 1695 Caesaris
1527 1642 1850 1695 institutione
1875 1643 2168 1698 bisextilem
2192 1661 2312 1698 eum
2335 1659 2450 1698 esse
2473 1654 2817 1698 monstrasset
2842 1661 2934 1698 sn·

608 1745 767 1793 num,
803 1745 907 1799 quo
940 1728 1190 1782 Lentulus
1224 1733 1277 1779 et
1308 1728 1640 1780 Marcellinus
1676 1745 1811 1781 coss.
1843 1728 2077 1792 fuerunt,
2113 1728 2400 1783 confectam
2435 1731 2535 1783 sibi
2567 1747 2679 1783 rem
2711 1731 2934 1799 putavit,

611 1815 763 1884 qussi
779 1812 997 1868 eandem
1015 1829 1175 1884 qusm
1191 1828 1224 1865 a
1240 1812 1370 1866 Iulio
1390 1812 1612 1866 Caesare
1629 1813 1948 1883 propositsm
1965 1813 2196 1867 affirmat
2211 1816 2531 1869 bisextilium
2549 1816 2734 1888 seriem
2751 1816 2933 1886 Augu·

610 1907 723 1955 stus
746 1900 1061 1954 retinuisset.
1109 1898 1188 1952 Ex
1214 1914 1318 1968 quo
1350 1905 1400 1950 et
1428 1898 1559 1951 illud
1589 1899 1848 1962 msnavit‚
1879 1905 1939 1951 ut
1959 1903 2018 1968 τῇ
2043 1897 2264 1952 incolere
2289 1899 2535 1952 δουλεύων
2557 1917 2752 1954 annum
2776 1901 2933 1953 lulis·

609 2002 738 2041 num
761 2003 831 2040 ιι.
859 1985 1149 2055 legitimum
1172 2001 1241 2038 ex
1262 1984 1490 2053 Augusti
1511 1984 1827 2036 correctione
1854 1983 2117 2037 bisextum
2139 1984 2383 2038 habuisse
2406 1985 2614 2038 diceret.
2658 1984 2793 2038 Nem
2817 1987 2931 2040 sive

608 2071 676 2126 sb
698 2088 760 2126 eo
784 2071 851 2125 sd
873 2088 1022 2125 mn.
1045 2085 1305 2134 recurras,
1328 2070 1438 2122 sive
1461 2084 1494 2121 a
1516 2070 1684 2138 primo
1709 2068 1910 2122 iuliano
1936 2076 1998 2121 ad
2024 2069 2246 2123 eundem
2267 2088 2418 2126 nm.
2444 2070 2750 2135 descendas,
2773 2072 2828 2123 in
2854 2072 2930 2124 hi·

608 2158 850 2211 sextilem
871 2157 1084 2211 incides.
1129 2154 1235 2208 Sed
1267 2154 1459 2208 falsum
1494 2161 1575 2206 est
1608 2170 1803 2206 sunum
1827 2153 2082 2208 Iulianum
2115 2172 2180 2208 ex
2206 2155 2431 2225 Augusti
2464 2155 2828 2209 reformatione
2852 2156 2932 2211 bi-

606 2244 849 2297 sextilem
890 2242 1078 2296 fuisse:
1124 2241 1431 2311 praesertim
1472 2239 1517 2292 si
1551 2239 1798 2292 vitiosum
1844 2240 2107 2294 bisextum
2153 2239 2516 2294 duodecimum
2549 2257 2688 2295 enno
2722 2240 2929 2295 Iuliano

605 2345 813 2393 xxxvr„
837 2327 977 2398 quod
999 2326 1226 2380 Annsles
1249 2326 1471 2388 faciunt,
1494 2325 1852 2388 tribuerimus,
1888 2324 2014 2378 sdeo
2039 2332 2098 2378 ut
2120 2327 2390 2395 Augustus
2413 2339 2551 2379 anno
2575 2343 2798 2380 xxxvm.
2822 2333 2928 2380 stn-

605 2414 763 2468 tuerit
784 2411 1057 2467 duodecim
1078 2411 1195 2465 illos
1226 2412 1339 2464 sine
1362 2410 1568 2463 bisexte
1600 2409 1964 2479 transigendos
1996 2426 2127 2463 esse.
2187 2409 2254 2463 Ut
2283 2411 2422 2464 enim
2449 2411 2520 2464 sb
2554 2426 2693 2464 suno
2724 2411 2926 2466 Iuliano

604 2517 808 2554 xxxvu.
832 2499 1031 2570 primus
1062 2514 1131 2550 ex
1166 2495 1416 2551 duodenis
1450 2496 1552 2548 illis
1588 2491 1875 2564 ἆνεμβόλοις
1910 2496 2158 2564 coeperit,
2195 2496 2527 2550 duodecimus
2562 2498 2661 2549 erit
2693 2495 2928 2550 Iulianus

602 2602 815 2652 xum„
848 2600 950 2656 quo
987 2589 1172 2639 exacto
1205 2582 1586 2653 peremptisque
1617 2580 1834 2635 bisextis
1857 2579 2133 2651 superfluis
2153 2581 2320 2635 tribus
2344 2596 2514 2636 annus
2535 2582 2591 2637 in
2614 2582 2756 2636 viam
2778 2580 2927 2637 redu-

604 2678 720 2726 ctus
743 2677 839 2726 est.
884 2671 1030 2724 Hsnc
1051 2686 1200 2735 vero,
1228 2675 1285 2722 ut
1306 2668 1482 2722 ordine
1507 2683 1567 2720 ac
1592 2667 1792 2720 ratione
1815 2667 2056 2737 deinceps
2081 2668 2365 2730 insisteret,
2389 2674 2573 2737 quarto
2595 2674 2718 2738 post
2739 2685 2925 2725 xum.

604 2774 743 2815 anno
767 2756 1025 2812 bisextilis
1046 2772 1215 2809 sunus
1238 2752 1563 2808 collocandus
1586 2752 1713 2817 fuit,
1743 2752 1943 2807 Iuliano
1967 2751 2169 2805 scilieet
2191 2770 2311 2812 ιιι..
2345 2758 2414 2806 ut
2432 2769 2497 2806 ex
2522 2751 2683 2806 Paulo
2707 2753 2926 2806 Middel-

604 2844 755 2915 burg.
780 2843 1017 2914 superius
1051 2841 1387 2895 ostendimus.
1434 2841 1504 2892 At
1525 2854 1647 2891 vero
1682 2838 1726 2890 si
1750 2856 1821 2891 ιι.
1843 2853 2042 2891 annum
2080 2838 2374 2891 bisextilem
2397 2840 2669 2907 Augustus
2693 2854 2808 2891 esse
2834 2855 2925 2893 vo·

600 2930 725 2996 luit,
764 2930 820 2984 in
849 2928 987 2983 idem
1017 2928 1204 2981 vitium
1234 2926 1452 2980 incurrit
1481 2922 1623 2994 quod
1650 2923 1883 2978 1u1isnso
1912 2922 2151 2977 editionis
2182 2924 2330 2977 initio
2366 2924 2704 2977 commissum
2734 2924 2923 2989 fuerat,

600 3031 790 3086 nempe
821 3020 883 3068 ut
909 3014 1062 3067 tertio
1093 3017 1214 3084 post
1236 3011 1529 3065 bisextilem
1553 3024 1692 3063 snno
1717 3008 1975 3063 bisextilis
1998 3008 2147 3061 sliter
2168 3015 2462 3078 poneretur.
2505 3008 2742 3079 Denique
2765 3025 2921 3063 nemo

598 3098 852 3154 hactenus
884 3099 1126 3153 inventus
1157 3102 1238 3151 est
1270 3097 1360 3167 qui
1390 3095 1650 3149 Iulianum
1673 3111 1742 3148 ιι.
1777 3101 1898 3165 post
1918 3094 2145 3165 Augusti
2175 3094 2592 3148 emendationem
2623 3093 2923 3151 bisextilem

598 3184 806 3241 iaceret.

736 3270 943 3323 Atenim
966 3268 1359 3322 trecentesimus
1382 3266 1746 3335 sexagesimus
1764 3272 1978 3334 quartus
2001 3271 2122 3335 post
2139 3264 2288 3318 illum
2305 3264 2564 3319 bisextilis
2585 3270 2696 3331 est,
2716 3272 2810 3319 ant
2832 3265 2923 3321 do·

600 3355 821 3409 cendum
841 3355 897 3408 in
920 3353 1246 3407 recensendis
1269 3368 1403 3405 coss.
1424 3350 1612 3407 vitium
1631 3351 1918 3421 irrepsisse.
1963 3350 2102 3403 Haec
2134 3350 2276 3403 enim
2298 3350 2576 3404 Annalium
2597 3350 2757 3404 verba
2778 3359 2918 3406 sunt.

600 3439 706 3494 Sed
729 3448 782 3493 et
802 3439 931 3493 illud
953 3456 1059 3493 non
1081 3439 1257 3492 minus
1288 3436 1508 3501 falsum,
1539 3451 1737 3490 annum
1765 3451 1917 3489 aerae
1942 3433 2263 3490 Christianae
2284 3434 2400 3489 364.
2423 3440 2544 3506 post
2562 3434 2851 3490 Lentulum
2872 3443 2923 3491 et

599 3526 959 3580 Marcellinum
991 3541 1123 3578 coss.
1146 3540 1261 3577 esse
1282 3521 1703 3576 trecentesimum
1733 3522 2123 3593 sexagesimum
2157 3526 2398 3590 quartum
2411 3560 2426 3586 ,
2458 3536 2576 3575 cum
2598 3537 2720 3575 vere
2751 3522 2821 3575 sit
2853 3523 2920 3576 sb

597 3611 807 3666 illorum
841 3610 1116 3666 consulatu
1149 3607 1268 3664 366.
1338 3606 1620 3662 Sciendum
1653 3608 1794 3660 enim
1828 3612 1908 3661 est
1939 3606 2041 3660 duo
2073 3606 2128 3660 in
2152 3606 2441 3661 Annalibus
2464 3607 2610 3677 paris
2639 3608 2921 3661 consulum

600 3703 870 3768 exempta,
894 3697 1084 3766 quibus
1109 3711 1176 3748 ex
1195 3693 1372 3749 ordine
1390 3694 1633 3759 sublatis,
1658 3691 1955 3747 Christiana
1970 3708 2115 3758 sera,
2138 3708 2271 3762 quae
2291 3693 2499 3746 biennio
2515 3691 2771 3747 hactenus
2788 3693 2921 3747 anti·

598 3783 772 3855 cipata
789 3782 982 3848 fuerat,
1004 3797 1125 3835 cum
1141 3780 1345 3850 vulgari
1361 3778 1569 3835 demum
1592 3778 1647 3832 in
1671 3778 1998 3832 concordiam
2021 3777 2199 3843 rediit;
2223 3777 2363 3847 quod
2383 3776 2521 3830 idem
2541 3778 2598 3831 in
2616 3776 2917 3833 Onuffianis

474 3900 480 3909 ·
597 3867 794 3934 Fastis,
816 3868 931 3939 psri
952 3882 1084 3921 coss.
1107 3883 1213 3919 uno
1237 3881 1540 3935 suppresso,
1564 3864 1809 3935 contigit,
1833 3863 1895 3917 de
1921 3879 2025 3936 qua
2041 3880 2097 3916 re
2122 3863 2459 3935 opportunius
2483 3861 2607 3916 alibi
2630 3861 2849 3917 dicetur.

733 3954 843 4007 Iam
866 3969 988 4006 vero
1002 3991 1016 4017 ,
1051 3951 1191 4021 quod
1217 3966 1339 4005 aera
1359 3952 1449 4003 illa
1471 3952 1790 4015 communis,
1817 3966 1972 4020 quam
1998 3964 2031 4002 a
2054 3948 2241 4002 Christi
2265 3948 2426 4001 natali
2446 3948 2729 4018 repetimus
2743 3988 2758 4013 ,
2792 3966 2917 4003 eun·

597 4039 715 4094 dem
736 4041 964 4093 natalem
984 4039 1041 4091 in
1061 4035 1223 4093 finem
1244 4035 1430 4091 Iulisui
1446 4053 1565 4089 nv.
1588 4037 1857 4101 conficiat,
1881 4053 1944 4091 ex
1970 4034 2243 4106 disputetis
2265 4032 2514 4087 hectenus
2537 4034 2613 4086 ita
2635 4034 2916 4104 colligitur.

596 4126 865 4195 Augustus
888 4125 1169 4195 imperator
1190 4122 1419 4175 excessit
1438 4137 1575 4176 snno
1597 4121 1795 4175 Iuliano
1820 4140 1927 4175 nx.
1973 4121 2069 4173 Est
2098 4125 2272 4172 autem
2302 4119 2347 4171 is
2380 4135 2531 4172 aerae
2558 4118 2917 4188 Dionysiana

596 4228 728 4275 xm,
761 4215 820 4263 ut
848 4215 969 4265 ante
992 4209 1404 4263 demonstratum
1426 4212 1521 4259 est.
1565 4206 1731 4276 Igitur
1752 4222 1901 4260 serse
1922 4203 2077 4259 huius
2100 4204 2305 4258 initium
2328 4220 2394 4257 ex
2419 4220 2466 4257 s.
2491 4203 2538 4257 d.
2563 4203 2677 4257 Kal.
2698 4204 2813 4261 Ian.
2839 4206 2914 4258 in-

595 4297 723 4366 cipit
741 4297 867 4349 snni
888 4294 1074 4349 Iuliani
1095 4310 1263 4358 nvn,
1293 4292 1525 4361 adeoque
1556 4292 1746 4344 natalis
1782 4290 1972 4344 Christi
2001 4289 2353 4357 Dionysisnus
2384 4305 2503 4343 cum
2538 4305 2675 4344 anno
2708 4289 2913 4345 Iuliano

594 4397 715 4434 xnv.
748 4386 974 4435 exeunte
1008 4379 1263 4450 congruit.
1333 4377 1628 4441 Quinetiam
1661 4376 1921 4446 cyclorum
1957 4376 2261 4445 pervulgata
2290 4380 2601 4444 receptaque
2633 4374 2912 4429 methodus

593 4465 678 4519 vel
699 4466 872 4536 pueris
897 4466 1109 4537 cognita
1128 4463 1284 4520 huius
1306 4463 1383 4517 rei
1402 4460 1559 4515 fidem
1595 4462 1662 4515 sb
1692 4462 1869 4515 invitis
1900 4466 2190 4531 extorquet.
2234 4457 2367 4512 Nam
2401 4460 2450 4513 si
2480 4458 2576 4513 hoc
2607 4475 2775 4526 anno,
2808 4477 2911 4532 quo

593 4548 723 4605 haec
755 4551 1060 4617 scribimus,
1094 4550 1185 4622 qui
1217 4554 1298 4604 est
1330 4564 1481 4603 serse
1514 4547 1866 4616 Dionysisnse
1900 4561 2148 4610 mcxxi„
2188 4545 2364 4614 cyclus
2398 4545 2558 4615 vulgo
2591 4553 2912 4612 numeratur,

594 4637 722 4692 solis
746 4650 840 4702 vn,
869 4636 1027 4693 lunae
1048 4653 1167 4705 vu„
1198 4634 1376 4691 indict.
1402 4651 1472 4688 nr.
1488 4674 1502 4699 ‚
1530 4649 1746 4689 necesse
1767 4637 1848 4687 est
1879 4636 1937 4685 ut
1967 4646 2135 4687 sunus
2158 4645 2308 4685 serso
2328 4630 2527 4701 primus
2550 4631 2726 4700 cyclos
2749 4631 2911 4689 habu·
