3185 5219
561 358 744 417 xxm

562 519 799 585 impietas
820 515 951 568 haec
960 519 1148 586 fateri.
1209 516 1434 569 Proinde
1465 518 1758 569 execranda
1790 517 1888 569 illa
1919 522 2172 569 sententia
2187 515 2447 581 Serv-arii,
2482 521 2570 586 qui
2599 536 2700 571 nea
2725 522 2886 571 nisus

562 605 715 671 impie
737 619 887 670 quam
908 602 1127 654 ridicule
1150 619 1263 655 eam
1286 610 1467 654 tuetur.
1524 600 1662 655 Nam
1686 600 1827 671 quod
1848 602 1924 654 ait
1946 606 2136 672 πνεῦμα
2156 602 2263 655 illic
2284 603 2397 657 sine
2419 604 2636 657 articulo
2658 605 2886 675 positum

562 687 802 740 universe
848 687 1010 752 sumi,
1052 703 1171 740 cum
1208 691 1269 739 ut
1308 686 1549 757 spiritum
1580 692 1821 740 sanctum
1860 687 2204 757 significaret,
2245 687 2301 739 rb
2328 692 2518 758 πνεῦμα
2557 690 2887 743 scribendum

560 773 739 839 suerit,
764 772 901 842 quod
924 772 1014 827 diu
1036 778 1155 826 ante
1178 772 1505 842 Scaligerum
1528 772 1763 826 Salmero
1786 778 1965 826 noster
1988 773 2377 838 observaverat,
2399 773 2530 827 nihil
2551 775 2618 827 ad
2639 791 2750 828 rem
2771 792 2884 846 per-

561 859 706 913 tinet.
774 858 981 912 Etenim
1002 874 1159 929 saepe
1182 864 1373 929 πνεῦμα
1401 858 1513 911 sine
1544 858 1759 911 arficulo
1793 875 1888 929 pro
1911 859 2099 929 spiritu
2129 865 2313 913 sancto
2346 861 2402 913 in
2433 860 2702 931 scripturis
2736 876 2886 913 usur-

561 950 740 1016 patur;
774 950 837 997 ut
858 944 1037 999 Ioann.
1064 962 1142 1009 111,
1164 944 1219 997 5:
1256 944 1381 997 Nisi
1399 949 1511 1014 qais
1532 953 1744 997 renatas
1760 948 1932 1012 fuerit
1959 962 2021 996 αι·
2051 962 2188 1013 aqua
2213 953 2263 997 et
2279 948 2498 1013 spiritu.-
2530 942 2580 1006 ἐξ
2602 945 2781 1006 ὕδατος
2803 944 2887 997 καὶ

564 1031 861 1100 πνεύματοςς
903 1036 955 1083 et
985 1029 1102 1083 aliis
1143 1031 1199 1083 in
1236 1030 1395 1093 locis,
1442 1045 1664 1099 quornm
1697 1030 1949 1083 nonnulla
1976 1030 2174 1100 profert
2199 1031 2254 1082 in
2294 1030 2568 1083 Minervali
2607 1030 2884 1084 Serrarius.

562 1115 737 1181 Quare
752 1133 858 1170 non
880 1115 1227 1185 improbanda
1247 1113 1376 1168 haec
1396 1114 1676 1185 Epiphanii
1695 1115 2050 1185 interpretatio
2073 1115 2301 1179 videtur,
2324 1116 2534 1168 tametsi
2556 1114 2620 1169 de
2643 1116 2755 1170 solo
2780 1116 2884 1187 spi-

560 1202 663 1256 ritu
685 1208 865 1272 sancto
888 1201 1121 1271 praecise
1142 1201 1373 1253 locutum
1396 1205 1604 1270 putaret
1625 1200 2019 1271 evangelistam.
2062 1198 2210 1264 Quod
2234 1216 2443 1254 necesse
2465 1216 2574 1254 non
2596 1208 2693 1255 eat.
2737 1202 2884 1256 Hanc

560 1289 699 1341 enim
723 1287 1111 1341 saducaeorum
1130 1292 1361 1339 mentem
1381 1285 1546 1339 fuisse
1569 1288 1829 1356 suspicor,
1854 1292 1914 1339 ut
1928 1286 2168 1356 spiritum
2191 1302 2399 1339 omnem
2412 1325 2427 1351 ,
2449 1284 2548 1339 hoc
2569 1293 2652 1340 est
2672 1304 2884 1355 πνευμα-

560 1373 692 1439 τικὴν
712 1372 896 1439 οὐσίαν,
919 1372 1153 1425 funditus
1169 1372 1424 1437 tollerent,
1446 1371 1666 1440 ideoque
1683 1388 1990 1443 corporeum
2007 1388 2123 1424 esse
2141 1371 2296 1425 deum
2313 1378 2628 1437 assererent,
2651 1377 2710 1425 ut
2724 1372 2883 1441 Lyra·

560 1475 659 1512 nus
683 1459 964 1513 existimat.
1032 1456 1115 1509 Ex
1150 1473 1251 1526 quo
1293 1458 1628 1526 consequitur
1667 1458 1826 1510 etiam
1857 1457 2100 1527 spiritum
2138 1463 2379 1510 sanctum
2418 1457 2538 1511 illos
2571 1459 2880 1527 abnegasse.

560 1543 707 1597 Unde
745 1543 931 1596 merito
970 1542 1038 1595 ab
1071 1540 1360 1613 Epiphanio
1400 1542 1620 1613 aliisque
1665 1542 1863 1595 dictum
1894 1548 1978 1595 est
2007 1542 2338 1596 Sadducaeos
2373 1543 2614 1613 spiritum
2645 1547 2883 1597 sanctum

558 1630 857 1698 ignorasse,
882 1632 943 1681 ut
963 1643 1080 1682 eam
1100 1643 1170 1680 ex
1194 1632 1304 1681 toto
1329 1643 1523 1697 genere
1544 1629 1643 1679 τῶν
1668 1625 1955 1699 πνευμάτων
1977 1629 2206 1699 speciem
2229 1628 2541 1698 deligerent,
2565 1644 2670 1699 qua
2687 1636 2884 1698 negata

557 1716 728 1769 maius
750 1715 828 1767 illi
849 1714 952 1766 sibi
972 1713 1253 1782 impietatis
1276 1715 1474 1766 crimen
1497 1719 1831 1767 arcesserent.

696 1799 771 1851 Τὰ
793 1797 951 1851 πάντα
975 1797 1028 1850 δὲ
1047 1797 1133 1849 ἴσα
1156 1798 1477 1869 Σαμαρείταις
1496 1797 1832 1869 φυλάττουσα]
1853 1798 2091 1852 Etiamne
2107 1815 2284 1853 sacros
2307 1816 2488 1853 omnes
2505 1800 2666 1854 libros
2682 1806 2884 1871 praeter

557 1883 964 1939 Pentateuchum
983 1884 1350 1955 repudiarunt?
1382 1884 1660 1938 Affirmant
1681 1890 1879 1937 veteres
1912 1901 2093 1938 omnes
2127 1886 2431 1955 praesertim
2456 1885 2734 1955 Origenes,
2756 1886 2883 1940 Ter-

559 1972 805 2024 tullianus
821 2010 835 2035 ,
872 1970 1243 2039 Hieronymus,
1283 1969 1448 2035 Beda,
1488 1969 1629 2023 Elias
1670 1986 1877 2040 quoque
1900 1968 2184 2035 Thisbites,
2220 1971 2433 2041 aliique,
2468 1987 2599 2041 quos
2624 1971 2882 2025 Serrarius

558 2061 718 2111 testes
741 2057 883 2109 citat.
916 2054 1090 2126 Negat
1111 2062 1287 2109 autem
1309 2055 1543 2124 Scaliger
1565 2061 1620 2108 et
1639 2056 1956 2109 contrarium
1978 2071 2276 2109 asseverare
2297 2056 2578 2127 Iosephum
2599 2056 2880 2111 existimat.

557 2143 663 2197 Sed
694 2148 901 2196 tantum
930 2142 1083 2195 abest
1115 2148 1175 2195 ut
1207 2148 1388 2196 contra
1416 2139 1669 2211 Iosephus
1702 2142 1920 2206 sentiat,
1959 2147 2021 2194 ut
2051 2141 2098 2194 is
2134 2156 2466 2196 communem
2487 2143 2633 2196 illam
2653 2143 2743 2197 lib.
2765 2160 2882 2198 ιω.

558 2228 700 2299 Orig.
724 2245 838 2299 cap.
864 2246 999 2282 xvm
1036 2228 1349 2282 sententiam
1386 2226 1623 2281 videatur
1657 2226 1937 2281 adstruere.
2011 2226 2179 2280 Docet
2207 2228 2350 2282 enim
2381 2227 2685 2282 Pharisaeos
2715 2229 2884 2281 multa

557 2315 749 2386 populo
782 2313 1082 2379 tradidisse,
1118 2311 1239 2385 ὀἷπερ
1275 2312 1366 2365 οὐκ
1400 2312 1767 2383 ἀναγέγραπται
1799 2309 1847 2365 ἐν
1882 2315 1985 2374 τοῖς
2019 2312 2271 2374 Μωῦσέως
2294 2314 2485 2384 νόμοις·
2517 2312 2598 2365 καὶ
2629 2309 2709 2366 διὰ
2731 2318 2879 2366 τοῦτο

558 2404 713 2452 ταῦτα
734 2400 792 2452 το
816 2398 1165 2451 Σαδδουκαίων
1186 2398 1321 2468 γένος
1346 2397 1599 2468 ἐκβάλλει,
1633 2397 1794 2468 λέγων
1817 2396 1975 2449 ἐκεῖνα
1998 2398 2098 2450 δεῖν
2128 2396 2350 2469 ἡγεῖσθαι
2372 2401 2557 2468 νόμιμα
2579 2398 2640 2451 τὰ
2661 2417 2881 2471 γεγραμ-

559 2484 705 2556 μένα,
737 2484 800 2537 τὰ
822 2483 875 2537 δὲ
898 2482 953 2535 ἐκ
984 2484 1304 2555 παραδόσεως
1328 2486 1427 2536 τῶν
1452 2482 1675 2552 πατέρων
1700 2482 1768 2553 μὴ
1799 2486 1975 2553 τηρεῖν.
2043 2483 2337 2537 Sadducaei
2356 2484 2516 2553 igitur
2538 2490 2719 2538 autore
2739 2484 2880 2537 Iose-

556 2570 661 2643 pho
694 2571 811 2625 sola
842 2569 972 2624 haec
1004 2570 1308 2625 asciscenda
1339 2568 1764 2639 observantiaque
1797 2569 2038 2624 dicebant
2071 2585 2205 2640 quae
2245 2574 2423 2624 essent
2455 2571 2650 2642 scripta
2691 2567 2740 2624 iv
2776 2574 2879 2633 τοῖς

557 2658 812 2719 Μωϋσέως
835 2658 1020 2727 νόμοις.
1089 2656 1239 2721 Quod
1261 2661 1314 2709 et
1333 2657 1423 2710 lib.
1447 2673 1606 2721 xvm,
1632 2671 1745 2726 cap.
1771 2674 1813 2709 11
1835 2655 1916 2709 his
1941 2656 2111 2709 verbis
2146 2657 2426 2727 expressit:
2464 2655 2684 2726 φυλακῆς
2717 2654 2773 2709 δὲ
2794 2655 2880 2709 οὗ·

559 2744 729 2814 δαμῶς
752 2761 895 2795 τινων
920 2742 1234 2814 μεταποίησις
1258 2741 1451 2812 αὐτοῖς,
1475 2741 1508 2809 ἥ
1532 2743 1631 2794 τῶν
1659 2743 1843 2811 νόμων.
1913 2741 2054 2795 Sane
2076 2747 2169 2795 aut
2188 2740 2316 2795 haec
2337 2739 2546 2812 Iosephi
2565 2742 2727 2796 verba
2747 2741 2879 2796 Sad-

558 2830 784 2885 ducaeos
805 2829 1038 2884 indicant
1060 2830 1231 2883 nullos
1252 2829 1384 2882 alios
1408 2843 1566 2898 quam
1588 2827 1754 2881 Mosis
1777 2828 1936 2882 libros
1960 2827 2260 2891 admisisse,
2293 2832 2385 2880 aut
2411 2827 2597 2881 saltem
2614 2844 2717 2882 non
2749 2828 2878 2881 illud

559 2916 699 2987 quod
721 2934 755 2969 a
777 2916 1042 2985 Scaligero
1066 2922 1177 2969 tam
1198 2915 1529 2985 pertinaciter
1549 2918 1840 2983 pugnatur,
1874 2912 2134 2978 efficiunt,
2164 2918 2224 2966 ut
2254 2928 2434 2967 sacros
2455 2928 2636 2967 omues
2659 2915 2878 2985 scriptu·

555 3017 646 3056 rae
669 3003 829 3055 libros
854 3003 1083 3073 amplexi
1105 3002 1235 3067 sint,
1260 3000 1345 3061 τὰς
1369 2997 1618 3070 ἀγράφους
1643 2998 1948 3068 δευτερώσεις
1970 2998 2254 3053 reiecerint.
2307 2999 2436 3068 Agit
2467 2998 2608 3053 enim
2637 3000 2728 3053 illo
2760 3001 2878 3054 loco

556 3089 831 3159 praecipue
853 3085 1103 3157 Iosephus
1138 3085 1244 3157 περὶ
1279 3087 1558 3157 πρακτικῶν
1588 3083 1836 3154 νομίμων,
1868 3084 1932 3137 de
1954 3085 2139 3138 ritibus
2164 3100 2226 3138 ac
2265 3084 2725 3140 consuetudinibus
2768 3087 2879 3140 sivo

556 3174 790 3242 legibus,
825 3172 1014 3242 quibus
1045 3171 1310 3242 agendum
1341 3168 1538 3240 aliquid
1560 3169 1954 3239 praescribitur,
1989 3185 2125 3239 quae
2145 3169 2201 3224 in
2229 3171 2342 3224 solo
2364 3170 2473 3224 fere
2494 3171 2660 3225 Mosis
2689 3171 2878 3227 Penta-

556 3256 744 3312 teucho
770 3258 1112 3312 continentur.
1169 3256 1315 3310 Unde
1338 3272 1457 3309 cum
1482 3254 1774 3308 Sadducaei
1798 3255 2121 3324 exciperent,
2145 3271 2210 3308 ea
2240 3256 2497 3310 duntaxat
2529 3273 2662 3327 quae
2683 3260 2879 3330 scripta

555 3349 707 3398 erant
727 3343 991 3398 observari
1013 3342 1222 3407 debere,
1257 3341 1398 3394 solos
1421 3340 1623 3410 Moysis
1644 3340 1831 3406 libros,
1855 3340 2043 3410 quibus
2068 3340 2129 3392 τὰ
2151 3341 2336 3412 νόμιμα
2359 3342 2877 3413 comprehenduntur,

554 3429 943 3499 intelligebant,
973 3445 1082 3482 non
1121 3426 1395 3482 historicos
1430 3431 1523 3480 aut
1552 3426 1883 3497 propheticos
1915 3425 2076 3481 libros
2091 3467 2106 3493 ,
2141 3428 2332 3498 quibus
2363 3444 2531 3482 novae
2563 3429 2764 3497 nullae,
2787 3435 2878 3484 aut

558 3531 850 3588 perpaucae
863 3555 878 3581 ,
901 3514 1216 3569 cerimoniae
1237 3512 1637 3583 praecipiuntur.
1697 3511 1912 3566 Caetera
1932 3514 2071 3584 apud
2093 3512 2383 3569 Serrarium
2405 3515 2538 3570 vide.

993 3667 1086 3723 AD
1120 3665 1456 3723 HAERESIN
1488 3668 1628 3732 XV„
1663 3665 1840 3731 QUAE
1874 3666 2001 3722 EST
2034 3667 2443 3725 SCRIBARUM.

690 3773 993 3830 Scribarum
1024 3772 1148 3826 ordo
1180 3788 1350 3840 neque
1382 3771 1630 3825 Iudaismi
1657 3769 1886 3826 haeresis
1918 3772 2044 3836 fnit,
2066 3789 2237 3843 neque
2271 3773 2392 3843 πρὸς
2424 3773 2723 3843 Φαρισαίους
2747 3770 2876 3828 ἀντι-

559 3858 982 3929 διαστελλόμενος.
1016 3858 1153 3913 Nam
1175 3862 1229 3911 et
1250 3857 1464 3911 Scribas
1486 3857 1716 3927 plerique
1738 3855 2028 3923 Pharisaei,
2060 3875 2166 3912 non
2188 3864 2364 3913 tamen
2386 3875 2594 3924 omnes3
2627 3862 2875 3931 quemad·

556 3946 771 4000 modum
796 3945 938 3998 inter
969 3943 1241 4014 theologos
1272 3943 1510 3997 nonnulli
1527 3941 1771 3996 monachi
1804 3948 1858 3996 et
1877 3944 2111 3998 arctioris
2143 3945 2279 3997 vitae
2315 3943 2651 4014 professores.
2708 3946 2876 4002 Theo·

558 4030 837 4102 phylactus
858 4031 914 4083 in
934 4029 1132 4085 Lucam
1152 4045 1268 4099 cap.
1294 4046 1366 4083 11.
1398 4028 1536 4082 Sane
1559 4030 1659 4081 alii
1678 4038 1829 4081 eram
1847 4028 2180 4099 Leyisperiti,
2203 4039 2255 4082 et
2272 4031 2372 4082 alii
2389 4029 2684 4086 Pharisaei.
2732 4033 2876 4088 Nam

556 4117 839 4170 Pharisaei
860 4116 1160 4170 videbantur
1179 4125 1237 4168 nt
1254 4114 1513 4180 monachi,
1538 4124 1588 4167 et
1606 4118 1695 4184 qui
1715 4115 1780 4167 ab
1805 4117 1927 4170 aliis
1947 4133 2001 4168 se
2021 4116 2365 4183 seqreqebant.
2422 4114 2737 4187 chisperiti
2753 4137 2873 4173 vero

540 4202 775 4266 ,Scribas
795 4213 946 4256 erant
978 4212 1027 4255 et
1048 4203 1299 4264 doctores,
1341 4206 1428 4270 qui
1447 4201 1709 4256 solvebant
1727 4204 2040 4270 quaestiones
2062 4202 2203 4269 legis.
2238 4199 2484 4254 Testatus
2506 4202 2563 4255 in
2583 4218 2695 4274 cap.
2719 4221 2872 4260 xxm.

559 4290 687 4344 Mat.
715 4287 1040 4353 Quaem-111.
1073 4286 1343 4340 Sciendum
1364 4287 1497 4355 quod
1514 4287 1636 4338 licet
1646 4294 1910 4355 ponantur
1931 4285 2015 4338 hic
2030 4284 2247 4338 Scribas
2269 4294 2320 4338 et
2331 4286 2614 4342 Pharisaei
2632 4299 2874 4359 tanquan

560 4377 817 4439 distincti,
840 4392 937 4427 non
960 4375 1305 4440 distinquutur
1325 4377 1458 4425 inter
1480 4388 1534 4424 se
1554 4375 1691 4423 sicut
1708 4370 2025 4424 Pharisaeus
2047 4381 2097 4424 et
2112 4370 2472 4437 Sadducaeus,
2504 4378 2610 4428 sive
2629 4379 2764 4429 sieut
2782 4395 2869 4447 op·

551 4465 755 4531 posita,
778 4464 898 4529 quia
922 4461 1086 4512 nullas
1106 4457 1424 4510 Pharisaeus
1455 4464 1531 4508 est
1557 4454 1916 4521 sadducaeus,
1951 4474 2103 4528 neque
2124 4475 2152 4510 e
2174 4464 2459 4524 contr-ario,
2481 4464 2606 4531 quia
2627 4472 2778 4515 erant
2793 4481 2870 4516 se·

562 4556 678 4600 ctae
701 4548 1005 4615 disparatae
1037 4555 1086 4598 et
1107 4548 1256 4614 quasi
1288 4544 1575 4612 oppositae.-
1610 4543 1702 4595 scd
1722 4543 2062 4611 distinguntur
2091 4547 2226 4596 sicut
2248 4550 2617 4613 pneumaticus
2637 4557 2687 4601 et
2707 4550 2868 4603 diale—

562 4635 746 4697 σείσω,-
769 4635 892 4702 quia
909 4631 1030 4684 licet
1044 4631 1265 4684 aliudsit
1279 4631 1671 4698 qrammacicum
1690 4645 1840 4693 essee,
1864 4630 2010 4683 aliud
2026 4631 2365 4695 dialecticum,
2389 4640 2553 4686 men
2568 4633 2872 4703 idempotest
