3185 5219
2287 389 2575 446 LXXXIX

255 562 429 602 mense
462 548 588 601 anni
619 547 898 619 superioris
927 544 1244 600 inchoatum.
1294 544 1482 616 Coepit
1511 545 1651 599 enim
1673 544 1787 600 Kal.
1809 545 2013 599 Ianuar.
2037 545 2164 599 anni
2183 544 2372 600 Iuliani
2391 561 2572 601 cxxxv.

252 635 318 686 At
339 633 588 687 Viuucius
625 640 678 687 et
712 633 921 687 Cassius
956 648 1090 688 coss.
1126 631 1361 685 incidunt
1390 631 1447 685 in
1482 631 1742 686 Iulianum
1768 649 1952 696 mxxv„
1986 630 2178 686 Tiberii
2210 649 2318 686 xvr.
2354 631 2462 684 iam
2493 630 2573 684 in-

251 718 509 774 oboatum.

382 806 457 859 Ac
480 806 543 858 de
567 803 787 859 Vinucio
811 809 862 858 et
885 804 1064 858 Cassio
1085 809 1351 874 postrema
1373 807 1608 873 superest
1631 802 2038 872 difficillimaque
2061 803 2322 872 quaestio,
2348 801 2574 857 iidemne

246 890 321 944 ini
337 892 447 944 sint
463 907 595 961 quos
614 890 827 944 Tacitus
846 890 1024 944 scribit
1041 891 1073 944 l.
1086 908 1159 945 vr.
1178 889 1313 941 Anu.
1330 905 1647 962 progeneros
1668 905 1700 941 a
1716 889 1922 943 Tiberio
1941 889 2146 954 ascitos,
2171 905 2217 943 a.
2232 903 2573 954 nccnxxxvr„

247 975 359 1031 Ser.
388 975 560 1030 Galba
581 983 634 1030 et
655 975 713 1031 L.
740 975 886 1030 Sulla
910 991 1045 1030 coss.
1092 975 1227 1029 Nam
1258 975 1315 1027 L.
1341 974 1521 1028 Cassio
1545 975 1856 1039 Drusillam,
1887 974 1960 1028 M.
1973 973 2176 1027 Vinicio
2197 974 2410 1041 Iuliam,
2439 974 2573 1028 Ger-

246 1063 440 1115 manici
461 1061 625 1128 filias,
649 1062 930 1116 collocatas
953 1077 1071 1115 esse
1091 1066 1285 1116 narrat.
1345 1060 1570 1125 Vinicio,
1595 1062 1788 1131 inquit,
1814 1062 2125 1131 oppidanum
2144 1075 2316 1128 yeme.
2365 1060 2574 1113 Calibus

246 1158 409 1212 ortus,
442 1157 595 1218 patre
627 1158 775 1218 atque
809 1167 905 1201 aro
929 1148 1304 1211 consularibus,
1340 1155 1549 1199 caetera
1572 1150 1789 1216 equestri
1795 1147 2014 1215 familia
2037 1154 2175 1210 erat,
2209 1148 2345 1198 mitis
2371 1149 2574 1214 ingenio

246 1242 297 1286 et
316 1243 547 1303 comptae
554 1236 862 1303 sacrendiae.
911 1233 1119 1285 Cassius
1136 1233 1304 1302 plebei
1326 1233 1514 1285 Romae
1541 1237 1769 1301 ρεπεν-ἐι,
1801 1250 1972 1284 verum
2004 1235 2203 1300 antiqui
2228 1231 2573 1302 honoratique,
2645 1231 2656 1238 ”

247 1328 294 1371 et
313 1335 495 1371 severa
509 1324 688 1388 patrie
712 1321 990 1389 disciplina
1014 1321 1249 1383 eductus,
1268 1319 1538 1387 facilitate
1571 1322 1779 1387 saepius
1808 1335 1955 1387 quam
1978 1319 2235 1369 industria
2260 1319 2574 1370 commenda-

247 1404 413 1456 batur.
448 1405 574 1457 Mox
600 1404 810 1458 eosdem
832 1404 1046 1457 iuvenes
1068 1404 1308 1474 appellat.
1348 1402 1487 1456 Sane
1509 1403 1627 1456 illos
1650 1403 1794 1472 ipsos
1818 1419 1934 1456 esse
1958 1403 2050 1472 qui
2071 1417 2204 1457 coss.
2230 1404 2394 1456 tribus
2419 1404 2571 1456 annis

246 1495 365 1541 ante
386 1488 619 1554 fuerant,
644 1490 864 1543 suadent
884 1491 1000 1560 ipsa
1020 1490 1245 1559 primum
1269 1490 1509 1552 nemina;
1541 1490 1640 1542 etsi
1666 1487 1832 1542 Cassii
1853 1503 2170 1558 praenomen
2191 1488 2328 1557 apud
2350 1488 2572 1542 Diouem

247 1574 315 1625 sit
333 1574 517 1638 Caius,
541 1592 648 1629 non
672 1575 883 1628 Lucius.-
907 1575 1166 1644 quomodo
1189 1575 1349 1627 etiam
1372 1592 1404 1627 a
1425 1574 1713 1644 Pomponio
1735 1574 1827 1628 lib.
1854 1574 1916 1626 de
1941 1572 2083 1643 Orig.
2106 1572 2240 1626 Iuris
2263 1575 2569 1645 appellatur,

248 1661 334 1729 qui
368 1665 421 1713 et
452 1660 876 1714 iurisconsultum
894 1655 1057 1713 ‘illum
1095 1660 1150 1715 G.
1177 1660 1413 1712 Cassium
1446 1660 1746 1729 Longinum
1780 1675 1899 1713 cum
1933 1658 2032 1712 hoc
2065 1663 2244 1712 nostro
2285 1659 2570 1724 confundit,

245 1746 495 1816 probante
521 1745 869 1816 Cuspiniano‚
900 1747 1215 1798 reclamante
1244 1761 1368 1799 vero
1401 1744 1596 1816 Lipsio.
1641 1745 1719 1797 Ad
1750 1745 1876 1798 haee
1899 1744 2179 1798 Suetonius
2211 1745 2268 1797 in
2291 1743 2414 1798 Caio
2437 1745 2570 1798 Dru-

248 1831 415 1884 sillam
446 1830 504 1885 L.
525 1831 706 1885 Cassio
729 1832 967 1902 Longino
989 1832 1229 1902 nupsisse
1252 1830 1492 1900 prodidit.
1539 1829 1679 1895 Quas
1704 1831 1770 1883 ob
1795 1845 2005 1884 caussas
2029 1846 2183 1883 neme
2205 1829 2454 1884 hactenus
2478 1830 2589 1883 du·-

248 1916 430 1969 bitavit
460 1918 587 1987 quin
621 1919 778 1970 ambo
808 1918 885 1969 illi
911 1916 1207 1971 Germanici
1239 1917 1417 1986 generi
1450 1932 1587 1971 coss.
1613 1915 1805 1968 fuerint
1827 1917 1950 1969 anni
1971 1931 2304 1971 nocuum.
2368 1917 2570 1969 Primus

244 2001 494 2072 Keplerus
518 2004 572 2055 in
596 2002 806 2073 Eclogis
831 2002 1129 2056 addubitare
1153 2002 1348 2072 coepit,
1380 2007 1434 2054 et
1466 2001 1673 2072 quidem
1703 2001 1831 2054 iure.
1881 2000 2017 2054 Nam
2041 2002 2157 2072 quis
2182 2007 2327 2073 putet
2346 2008 2570 2072 praeter-

244 2087 527 2141 missurum
547 2087 677 2142 haee
697 2088 960 2153 Tacitum,
986 2104 1103 2141 cum
1127 2087 1395 2158 utriusque
1420 2093 1727 2141 ornamenta
1747 2091 2071 2141 recenseret?
2105 2087 2265 2157 Atqui
2287 2087 2350 2139 de
2369 2089 2570 2142 Vinicio

244 2190 405 2226 unum
429 2172 527 2226 hoc
549 2174 751 2239 retulit,
773 2179 917 2244 patre
942 2180 1098 2244 atque
1120 2191 1216 2227 avo
1242 2174 1600 2227 consularibus
1624 2173 1896 2227 oriundum
1919 2173 2099 2227 fuisse.
2133 2173 2208 2225 De
2229 2172 2408 2228 Cassio
2429 2191 2572 2239 vero,

242 2259 432 2329 plebeii
446 2258 608 2312 fuisse
625 2261 849 2329 generis.
886 2258 1233 2323 Quamobrem
1253 2264 1452 2314 certum
1470 2259 1597 2312 mihi
1615 2263 1697 2311 est
1713 2257 1946 2311 diversos
1963 2259 2093 2312 istos
2110 2274 2226 2311 esse
2244 2275 2278 2313 a
2295 2275 2426 2312 coss.
2446 2261 2571 2313 anni

242 2359 593 2409 nocuum„
617 2346 855 2415 quamvis
879 2345 1017 2398 idem
1040 2361 1233 2399 nomen
1254 2344 1541 2398 habuerint.
1578 2344 1829 2397 Suetonio
1847 2360 1968 2397 vero
1992 2343 2279 2397 similitudo
2295 2347 2571 2400 nominum

238 2430 554 2500 imposuisse
572 2431 794 2496 videtur,
827 2437 887 2484 ut
917 2433 1244 2485 consularem
1265 2435 1475 2484 vocaret
1498 2429 1762 2496 Cassium,
1799 2431 1936 2500 quod
1970 2427 2230 2501 ὁμώνυμος
2261 2432 2390 2486 alter
2410 2433 2574 2502 paulo

239 2521 357 2569 aute
381 2516 716 2571 consulatum
737 2517 1004 2587 gessisset.
1038 2518 1176 2570 Haec
1200 2517 1263 2569 de
1287 2533 1421 2569 coss.
1443 2517 1509 2569 ab
1527 2513 1815 2587 Epiphanio
1838 2517 2107 2572 recensitis
2130 2517 2432 2587 diligentius
2455 2534 2570 2588 per-

238 2602 385 2672 sequi
422 2618 612 2673 operae
648 2604 869 2673 pretium
900 2601 1023 2667 iuit3
1055 2589 1199 2673 quod
1225 2620 1292 2656 ex
1325 2603 1532 2656 illorum
1564 2607 1814 2656 contextu
1848 2607 1971 2673 apta
1998 2619 2354 2673 suspensaque
2385 2604 2455 2657 sit
2477 2619 2570 2657 au-

238 2704 424 2740 norum
447 2687 641 2741 Christi
662 2688 849 2753 series;
871 2689 1190 2759 proindeque
1212 2689 1598 2742 substructione
1621 2689 1723 2740 ista
1745 2704 1875 2758 opus
1893 2692 1975 2740 est
1991 2688 2055 2740 iis
2073 2688 2163 2758 qui
2179 2704 2360 2741 verum
2378 2687 2570 2742 Christi

237 2774 464 2831 natalem
489 2774 807 2844 investigare
830 2774 1060 2828 student:
1086 2790 1244 2845 quam
1268 2774 1631 2827 stabiliendam
1652 2771 2071 2843 fulciendamque
2092 2774 2278 2826 merito
2301 2773 2403 2825 sibi
2419 2773 2573 2827 duxit

237 2858 491 2931 Keplerus
517 2861 629 2914 eius
653 2860 1018 2930 disputationis
1055 2861 1202 2913 initio
1240 2875 1397 2929 quam
1421 2859 1484 2911 de
1508 2857 1700 2911 Christi
1721 2858 1885 2910 natali
1906 2862 2028 2910 ante
2052 2858 2251 2929 aliquot
2271 2874 2438 2912 annos
2461 2859 2568 2912 elu-

237 2947 489 2999 cubravit.
545 2944 603 2998 In
636 2961 744 3016 qua
774 2946 1002 3016 primum
1035 2946 1266 2999 omnium
1291 2944 1646 2997 Romanorum
1678 2959 1811 2996 coss.
1833 2949 2137 3014 perpetuam
2167 2945 2568 3010 successionem,

237 3048 265 3083 e
296 3047 402 3102 qua
432 3032 676 3084 nonnulli
710 3032 1011 3085 consulatus
1037 3032 1224 3101 quinos
1256 3029 1600 3083 detrahendos
1630 3030 1888 3099 putabant
1907 3027 2221 3083 firmissimis
2242 3031 2568 3100 argumentis

236 3117 611 3171 communitam
636 3116 862 3187 reliquit.
899 3116 1000 3169 Sed
1020 3123 1101 3169 est
1119 3116 1363 3186 quiddam
1388 3121 1586 3180 tamen,
1612 3115 1751 3186 quod
1775 3116 1842 3168 ab
1867 3130 1929 3168 eo
1953 3116 2125 3168 minus
2149 3116 2568 3171 animadversum

234 3201 315 3255 hic
339 3203 511 3256 obiter
534 3202 850 3266 adscribam,
885 3207 945 3255 ut
966 3202 1147 3256 eadem
1171 3218 1329 3273 opera
1351 3202 1516 3255 Taciti
1538 3202 1735 3267 locum,
1765 3201 1855 3272 qui
1878 3199 2127 3255 hactenus
2151 3202 2337 3254 vitiose
2361 3202 2566 3272 legitur,

233 3288 524 3358 integritati
541 3289 828 3343 restituam.
867 3287 934 3340 Ut
954 3289 1114 3358 igitur
1130 3288 1381 3359 Keplerus
1405 3287 1632 3341 affirmet
1647 3288 1781 3340 inter
1798 3287 2061 3340 Tiberium
2080 3292 2132 3340 et
2146 3286 2406 3341 Neronem
2421 3287 2571 3341 nulla

235 3386 363 3427 cosa.
403 3388 526 3426 esse
571 3371 920 3427 subtrahenda
963 3374 1131 3443 paria,
1174 3374 1341 3429 Taciti
1381 3375 1519 3427 inter
1563 3374 1669 3426 alia
1710 3374 2069 3427 testimonium
2113 3372 2278 3426 affert.
2365 3372 2466 3437 Qui
2507 3374 2564 3427 iu

235 3459 515 3530 Agricolae
561 3460 727 3512 soceri
770 3460 879 3512 vita
921 3458 1102 3512 scribit
1146 3458 1431 3513 decessisse
1474 3459 1624 3512 illum
1670 3458 1886 3528 Collega
1931 3465 1985 3511 et
2025 3458 2202 3512 Prisco
2248 3475 2381 3514 coss.
2426 3475 2565 3515 auno

236 3544 421 3598 aetatis
470 3562 603 3608 nvn,
658 3550 840 3598 natum
886 3560 1007 3597 vero
1061 3543 1185 3597 Caio
1229 3564 1308 3600 111.
1360 3562 1463 3598 cos.
1544 3544 1627 3598 Ex
1667 3561 1769 3615 quo
1813 3546 1888 3597 ita
1931 3545 2151 3613 colligit:
2201 3546 2413 3623 tertium
2456 3545 2568 3599 Gaii

235 3631 566 3684 consulatum
606 3645 742 3684 anno
784 3631 1133 3701 Dionysianae
1173 3646 1325 3684 aerae
1366 3649 1453 3685 ιι..
1486 3630 1819 3683 tribuendum
1860 3629 2046 3695 videri,
2081 3647 2213 3695 uon,
2255 3637 2314 3683 ut
2353 3631 2567 3700 quidam

232 3716 563 3786 opinabatur,
587 3732 713 3769 nn.
748 3715 943 3769 Verum
962 3733 1079 3770 cum
1098 3715 1210 3769 Gaii
1227 3718 1524 3770 consulatus
1543 3734 1622 3769 111.
1648 3720 1918 3768 concurrat
1941 3732 2058 3769 cum
2078 3732 2125 3769 a.
2138 3715 2197 3770 U.
2212 3716 2267 3769 G.
2286 3730 2564 3782 ncoxom„
2615 3746 2658 3785 ι).
2674 3732 2736 3776 es.

233 3799 481 3871 Collegae
504 3808 676 3854 autem
701 3817 762 3855 ac
783 3802 946 3855 Prisci
969 3819 1088 3856 cum
1121 3818 1258 3854 anno
1284 3817 1596 3865 ncccxuvr„
1634 3802 1723 3870 qui
1755 3816 1893 3854 anuo
1921 3816 2182 3856 nccxcm.
2206 3803 2277 3855 sit
2297 3807 2481 3865 natus,
2517 3803 2563 3855 is

231 3903 369 3940 nno
391 3900 681 3941 ncccxm‘r.
716 3904 823 3941 non
856 3888 975 3958 plus
1004 3903 1162 3957 quam
1187 3905 1288 3941 mv.
1315 3903 1480 3941 annos
1510 3891 1666 3939 natus
1691 3902 1806 3939 esse
1830 3888 2012 3956 potuit.
2061 3886 2230 3951 Quare
2254 3887 2393 3957 apud
2414 3887 2564 3939 Taci-

230 3979 344 4026 tum
376 3973 539 4027 miror
574 3972 1001 4027 animadvertisse
1036 3974 1297 4026 neminem
1329 3989 1424 4043 pro
1461 3989 1565 4026 cvr.
1604 3972 1883 4042 legendum
1918 3988 2036 4026 esse
2063 3991 2168 4029 mv.
2235 3972 2560 4026 Facillimum

230 4057 535 4112 autem·fuit
556 4074 622 4111 ex
646 4064 889 4113 notarum
912 4059 1206 4112 inversione
1230 4058 1414 4112 vitium
1436 4073 1471 4110 a
1491 4058 1716 4113 librariis
1739 4058 1960 4114 admitti.

188 4298 198 4307 ·
267 4261 516 4329 QUIBUS
553 4262 735 4318 COSS.
758 4263 989 4318 VULGO
1027 4262 1294 4318 CHRISTI
1334 4263 1620 4318 NATALIS
1658 4260 2100 4318 ASSIGNETUR.
2169 4263 2286 4318 UBI
2317 4262 2405 4317 ET
2437 4262 2529 4319 DE

588 4348 864 4404 BISEXTI
899 4348 1366 4404 CORRECTIONE
1399 4348 1757 4405 AGCURATE
1792 4347 2208 4405 DISSERITUR.

368 4484 637 4542 Christum
659 4487 897 4557 Augusto
914 4505 1032 4543 xm.
1056 4494 1108 4541 et
1130 4487 1344 4541 Silvano
1368 4503 1501 4542 coss.
1524 4493 1708 4542 natum
1732 4503 1849 4541 esse
1873 4490 2168 4540 constanter
2192 4484 2421 4540 affirmat
2442 4487 2562 4557 Epi-

235 4572 469 4642 phanius.
515 4572 623 4627 Sed
646 4573 926 4628 cumidem
948 4591 1018 4629 vr.
1042 4573 1154 4627 Eid.
1179 4573 1286 4627 Ian.
1313 4574 1539 4627 natalem
1562 4571 1702 4626 diem
1733 4589 1851 4627 esse
1884 4570 2119 4637 definiat,
2147 4570 2262 4625 iure
2283 4572 2561 4627 Annalium

235 4656 712 4714 Ecclesiasticorum
728 4659 949 4730 scriptor
964 4659 1032 4712 ad
1044 4659 1255 4714 illorum
1263 4674 1483 4731 gregem
1498 4657 1889 4729 adiungendum
1906 4673 2023 4713 esse
2031 4657 2206 4729 potins
2215 4656 2564 4730 Epiphaniam
