3185 5219
392 1654 432 1693 p.
452 1643 539 1681 ιιι.

596 354 820 412 cxxvl

593 512 829 583 ptionem
853 510 1182 584 quadrarent.
1251 508 1489 580 Scaliger
1520 510 1731 580 quidem
1753 527 1827 566 π.
1853 510 1918 565 de
1939 510 2212 565 Emendat.
2233 527 2360 584 pag.
2379 511 2524 578 227„
2558 512 2652 568 ubi
2683 512 2751 566 de
2784 525 2922 566 anne

593 596 798 651 Iuliano
819 595 1001 651 Athen.
1020 597 1160 666 agit,
1182 593 1280 649 hos
1303 595 1447 666 ipsos
1465 601 1617 666 putat
1636 613 1745 650 non
1767 596 1925 651 mode
1942 596 2204 652 lulianum
2226 613 2448 662 anuum,
2469 596 2571 651 hec
2593 603 2678 651 est
2695 598 2926 652 uoluam

595 688 650 736 et
670 682 862 747 fixum,
897 698 1078 734 verum
1113 681 1273 734 etiam
1305 681 1537 735 Iulianos
1571 698 1779 736 menses
1814 681 2115 748 admisisse,
2151 688 2204 736 et
2223 682 2729 737 Hecatombaeonem
2752 700 2924 737 neom.

593 767 710 822 Kal.
734 768 863 839 ipsis
885 766 1004 821 Iulii
1026 767 1319 822 convenire.
1364 765 1472 820 Sed
1499 768 1557 821 in
1591 783 1652 820 eo
1684 766 1953 838 probando
1978 768 2169 821 mirum
2192 783 2352 839 quam
2376 768 2559 821 inscite
2582 769 2926 839 imperiteque

593 859 845 906 versetur.
892 851 981 906 Sic
1003 852 1145 905 enim
1169 850 1421 922 disputat:
1445 851 1709 906 Lucienus
1731 853 1787 906 in
1809 853 1917 906 vita
1933 852 2202 923 Peregrini
2221 854 2400 907 statim
2423 859 2543 924 post
2560 852 2925 924 Olympiacam

592 938 798 1003 ludum,
830 954 951 990 cum
985 935 1155 991 adhuc
1184 936 1430 1007 frequens
1464 942 1726 991 mercatus
1756 943 1917 1003 esset,
1951 939 2089 992 circa
2109 937 2333 993 mediam
2355 945 2560 992 noctem
2583 938 2925 1009 Peregrinum

595 1040 651 1076 se
684 1023 739 1076 in
772 1037 963 1093 rogum
996 1022 1239 1076 iniecisse
1272 1028 1474 1089 narrat,
1510 1022 1845 1078 commodum
1878 1024 2146 1078 exoriente
2177 1025 2318 1078 luna.
2388 1023 2621 1094 Contigit
2657 1023 2926 1094 Peregrini

593 1126 736 1162 mors
759 1108 987 1163 Eusebio
1010 1113 1143 1161 teste
1167 1106 1375 1178 Olymp.
1400 1123 1678 1174 ccxxxvi„
1707 1109 1854 1179 cyclo
1877 1126 1983 1162 ω.
2053 1108 2221 1177 Igitur
2241 1108 2359 1163 Iulii
2383 1127 2509 1164 xvir.
2537 1110 2663 1162 luna
2685 1115 2798 1163 erat
2821 1128 2926 1174 xx„

593 1199 686 1248 aut
706 1209 841 1260 ιη,
872 1201 927 1248 et
955 1193 1073 1248 ideo
1106 1193 1242 1247 circa
1263 1193 1489 1246 mediam
1511 1199 1721 1248 noctem
1744 1194 2022 1248 oriebatur.
2091 1195 2250 1265 Atqui
2274 1194 2607 1265 Olympiacae
2631 1211 2770 1265 agon
2795 1194 2927 1247 cele-

591 1280 733 1333 brari
756 1281 961 1334 solebat
981 1296 1069 1334 xv.
1097 1278 1180 1332 die
1203 1279 1401 1332 mensis
1424 1279 1612 1349 primo.
1676 1279 1859 1349 Itaque
1881 1295 2002 1334 cum
2023 1295 2085 1333 eo
2110 1281 2320 1334 saeculo
2342 1280 2765 1334 Hecatombaeon
2785 1279 2924 1336 idem

594 1371 733 1419 esset
765 1366 856 1436 qui
887 1364 1075 1430 Iulius,
1110 1381 1196 1417 ιν.
1219 1362 1341 1417 iulii
1373 1365 1669 1418 celebratus
1704 1370 1784 1418 est
1816 1381 1983 1436 agon,
2019 1369 2073 1418 et
2105 1366 2260 1419 tertio
2289 1365 2373 1419 die
2397 1381 2430 1418 a
2461 1366 2745 1420 certamine
2773 1365 2923 1420 finito

592 1450 717 1504 luna
740 1456 855 1505 erat
876 1468 966 1505 xx.
1035 1449 1116 1503 En
1150 1450 1385 1503 criticum
1408 1448 1637 1503 hominis
1670 1466 1907 1504 acumen.
1974 1450 2451 1505 Demonstrandum
2481 1455 2617 1516 erat,
2648 1451 2924 1505 Hecatom-

593 1536 846 1589 baeonem
870 1535 1101 1589 Atticum
1124 1535 1293 1589 fixum
1314 1534 1479 1588 fuisse
1500 1537 1556 1589 in
1576 1533 1693 1589 Kal.
1714 1534 1875 1590 iuliis.
1944 1535 2024 1590 Ad
2053 1536 2106 1590 id
2126 1537 2348 1592 Luciani
2379 1536 2740 1590 testimonium
2761 1536 2924 1590 Heca·

591 1621 960 1675 tombaeonem
981 1621 1229 1692 pertinet,
1251 1620 1475 1690 profert,
1500 1620 1639 1689 quod
1662 1621 1729 1673 ad
1752 1638 1862 1674 rem
1885 1620 2015 1675 nihil
2037 1622 2250 1676 omnino
2272 1623 2509 1693 pertinet.
2553 1621 2612 1675 Si
2636 1621 2762 1691 quid
2781 1622 2924 1678 enim

593 1723 662 1759 ex
685 1723 747 1759 eo
772 1705 836 1760 de
858 1706 1137 1760 neomenia
1159 1705 1353 1759 mensis
1372 1705 1613 1772 efficitur,
1636 1705 1704 1759 ad
1726 1705 2071 1772 Elidensium,
2093 1724 2203 1762 non
2224 1708 2290 1762 ad
2312 1706 2702 1762 Atheniensium
2723 1721 2926 1761 annum

593 1807 655 1844 ac
679 1807 917 1846 mensem
936 1790 1174 1844 refertur.
1208 1790 1342 1844 Nam
1363 1791 1418 1843 in
1441 1790 1610 1857 Elide,
1635 1808 1743 1846 non
1763 1791 1976 1846 Athenis
2000 1798 2152 1863 gesta
2175 1798 2322 1859 sunt,
2348 1809 2480 1862 quae
2504 1809 2536 1844 a
2551 1792 2784 1846 Lucieno
2811 1808 2926 1845 nar·

591 1882 787 1931 rantur.
831 1876 1031 1931 Deinde
1052 1878 1202 1931 illum
1224 1877 1398 1947 ipsum
1416 1876 1639 1932 Luciani
1659 1877 1834 1932 locum
1855 1893 2017 1948 quem
2043 1879 2370 1949 negligenter
2399 1878 2596 1948 attigit!
2640 1877 2762 1932 Non
2784 1877 2925 1931 enim

593 1963 776 2016 scribit
796 1963 935 2016 eirca
956 1961 1184 2016 mediam
1204 1967 1413 2016 noctem
1434 1969 1676 2016 exortem
1699 1980 1816 2018 esse
1835 1964 2043 2029 lunam,
2079 1963 2172 2017 sed
2204 1964 2432 2042 amicum
2457 1964 2631 2028 illum,
2665 1962 2733 2018 ad
2767 1978 2924 2033 quem

570 2047 897 2113 ‘diver-terat,
922 2047 1062 2104 circa
1083 2047 1311 2102 mediam
1332 2054 1539 2102 noctem
1562 2048 1707 2101 adid
1729 2050 2085 2119 spectaculum
2099 2049 2418 2120 profectum:
2445 2047 2552 2117 περὶ
2577 2047 2729 2118 μέσας
2751 2047 2924 2108 νύκτας

590 2130 856 2194 ἐξαναστὰς
876 2132 1021 2202 ἀπῄει
1042 2131 1157 2185 εὐθὺ
1180 2136 1265 2200 τῆς
1283 2130 1526 2203 Ἁρπίνης·
1553 2129 1670 2186 ἔνθα
1690 2127 1750 2198 ἦν
1773 2131 1805 2199 ἡ
1834 2131 1992 2204 πυρὰ,
2026 2133 2217 2188 στάδιοι
2250 2131 2422 2196 πάντες
2457 2127 2596 2186 οὗτοι
2623 2132 2800 2187 εἴκοσιν
2825 2130 2922 2184 ἀπὸ

591 2220 679 2284 τῆς
702 2216 980 2289 Ὀλυμπίας
1005 2216 1131 2271 κατὰ
1152 2216 1238 2285 τὴν
1260 2215 1588 2290 ἱππόδρομον.
1634 2219 1763 2273 Mox
1787 2233 1911 2273 vero
1935 2220 2172 2274 subiicit:
2196 2220 2277 2272 καὶ
2299 2217 2463 2286 ἐπειδὴ
2486 2217 2517 2286 ἡ
2543 2217 2721 2285 σελήνη
2747 2215 2922 2271 ἀνέτει-

592 2303 706 2374 λεν,
739 2334 808 2346 -
842 2305 1056 2375 πρόιισιν
1092 2301 1286 2364 ἰκτῖνος.
1354 2303 1604 2358 Accidere
1636 2303 1813 2374 itaque
1833 2305 2008 2375 potuit
2028 2311 2088 2359 ut
2109 2305 2339 2370 duabus,
2371 2306 2454 2359 vel
2487 2305 2679 2370 tribus,
2713 2302 2859 2358 horis
2891 2320 2924 2357 a

591 2388 766 2444 media
786 2397 941 2443 nocte
961 2390 1068 2443 iam
1093 2389 1285 2459 elapsis
1309 2404 1559 2460 apparere
1581 2390 1710 2443 luna
1739 2391 1983 2460 coeperit.
2051 2390 2157 2444 Sed
2187 2408 2358 2462 neque
2390 2390 2541 2445 tertio
2578 2391 2661 2444 vel
2693 2389 2921 2444 secundo

592 2475 795 2546 potius,
829 2490 988 2545 quam
1013 2492 1083 2530 ιν.
1107 2476 1190 2528 vel
1214 2492 1262 2528 v.
1285 2491 1318 2528 a
1339 2474 1637 2529 celebritate
1659 2474 1743 2529 die
1765 2475 1903 2529 istud
1926 2476 2161 2531 evenisse
2186 2476 2378 2530 debuit.
2447 2475 2640 2532 Scribit
2659 2476 2802 2530 euim
2822 2475 2922 2530 Lu-

593 2561 776 2616 cienus
800 2560 964 2615 finitis
985 2560 1094 2614 iam
1118 2559 1437 2631 Olympiacis
1459 2560 1596 2617 ludis
1627 2560 1968 2631 Peregrinum
2005 2561 2141 2616 diem
2175 2561 2238 2617 de
2273 2561 2356 2616 die
2388 2560 2680 2617 trahentem
2711 2562 2922 2619 demum

592 2653 787 2701 certam
804 2648 859 2700 in
875 2652 1083 2701 noctem
1103 2645 1424 2700 condixisse:
1452 2644 1479 2698 ὃ
1499 2646 1553 2699 δὲ
1572 2643 1661 2698 αἰεὶ
1679 2644 2080 2718 ἀναβαλλόμενος
2104 2648 2256 2700 νύκτα
2277 2646 2336 2699 rb
2355 2647 2632 2701 τελευταῖον
2651 2649 2923 2720 προειρήκει

592 2730 917 2794 ἐπιδείξασθαι
938 2731 1025 2799 τὴν
1049 2735 1235 2784 καῦσιν.
1284 2731 1363 2784 Ad
1386 2729 1517 2786 haec
1538 2733 1657 2803 quis
1681 2731 2007 2803 Scaligerum
2029 2732 2231 2799 docuit,
2261 2751 2345 2787 xv.
2369 2733 2558 2788 Iuliani
2577 2735 2803 2797 mensis,
2826 2734 2925 2788 hoc

593 2825 674 2871 est
697 2818 840 2884 Iulii,
874 2835 983 2872 non
1017 2824 1195 2871 autem
1227 2817 1452 2883 lunaris,
1489 2816 1821 2888 olympiacos
1849 2818 1966 2871 illos
1989 2834 2187 2889 agones
2210 2819 2275 2873 de
2295 2835 2441 2873 more
2461 2820 2752 2875 celebratos
2774 2824 2924 2874 esse?

591 2903 763 2969 Quam
783 2903 913 2959 haec
934 2919 1071 2957 vana
1092 2909 1147 2957 et
1169 2900 1454 2974 ἀνάρμοστα
1476 2904 1583 2959 sint
1604 2920 1759 2958 nemo
1784 2921 1891 2958 non
1911 2903 2067 2958 videt.
2103 2903 2253 2958 Certe
2277 2903 2538 2959 Calvisius
2560 2904 2923 2976 Olympiadem

590 2990 736 3044 illam
760 3005 1014 3045 ccxxxvi.
1038 2989 1269 3059 Augusti
1287 3005 1412 3054 xm,
1443 3005 1554 3043 non
1581 2988 1716 3043 Iulio
1742 2996 2004 3059 peractam
2028 2990 2311 3045 existimat.
2378 2989 2478 3054 Qui
2512 2997 2568 3044 et
2597 2991 2711 3061 ipse
2744 2995 2922 3044 tamen

589 3076 777 3146 puerili
796 3091 1014 3146 prorsus
1036 3090 1211 3129 errore
1232 3074 1289 3129 in
1310 3074 1402 3127 illa
1422 3073 1693 3145 Peregrini
1711 3072 1931 3129 historia
1962 3091 2077 3128 sese
2106 3075 2364 3141 traduxit,
2400 3074 2524 3129 dnm
2558 3076 2740 3131 scribit
2768 3075 2920 3131 Pere-

591 3161 803 3230 grinum
837 3159 1189 3215 Christianum
1221 3175 1339 3213 esse
1370 3159 1571 3213 factum
1605 3175 1743 3212 anno
1780 3157 1968 3213 Christi
1989 3178 2202 3226 nxxur„
2237 3159 2441 3231 Olymp.
2468 3176 2654 3218 ccxm.
2720 3161 2784 3215 In
2817 3178 2921 3232 quo

592 3253 804 3299 centum
842 3244 1221 3315 propemodum
1260 3244 1412 3297 annis
1452 3244 1674 3299 aberrat.
1752 3243 1887 3298 Nam
1919 3245 2189 3315 Peregrini
2225 3262 2368 3299 mors
2405 3245 2588 3303 incidit
2623 3247 2680 3303 in
2714 3246 2920 3317 olymp.

593 3346 869 3395 uonna,
905 3346 1103 3387 annum
1126 3327 1318 3383 Christi
1341 3344 1496 3384 οων.
1543 3328 1693 3382 Vixit
1713 3335 1887 3384 autem
1909 3330 2127 3385 Herodis
2148 3332 2304 3385 Attici
2326 3338 2560 3402 tempore
2590 3333 2688 3385 sub
2719 3333 2793 3387 Η.
2816 3333 2921 3387 Αι-

470 3431 475 3437 ·
591 3416 719 3469 relio
740 3415 1035 3481 Antonino,
1070 3422 1130 3468 ut
1159 3431 1231 3468 ex
1261 3412 1570 3468 Philostrato
1594 3414 1684 3469 lib.
1702 3433 1761 3469 ιι.
1784 3415 1849 3469 de
1869 3415 1971 3471 vit.
1995 3415 2154 3487 Soph.
2188 3417 2245 3470 in
2277 3416 2481 3471 Herode
2514 3417 2791 3488 colligitur,
2823 3433 2922 3471 nec

590 3517 697 3555 noa
720 3508 774 3554 et
793 3518 865 3554 ex
884 3500 1113 3555 Luciano
1136 3500 1193 3555 in
1214 3500 1355 3553 illius
1379 3499 1501 3555 vita.

728 3584 866 3638 Κατὰ
887 3584 1147 3655 Ἐβραίους
1166 3582 1496 3656 Mamuda]
1543 3583 1864 3657 Epiphanius
1889 3586 2078 3641 Christi
2099 3587 2418 3657 baptismum
2440 3588 2678 3659 assignat
2707 3589 2757 3642 ei
2779 3604 2918 3644 anno

592 3672 684 3741 qui
706 3687 844 3727 cess.
869 3669 1053 3725 habuit
1074 3671 1351 3725 Silvanum
1373 3678 1425 3725 et
1444 3670 1694 3737 Nervam,
1718 3674 1809 3744 qui
1831 3680 1911 3727 est
1930 3673 2164 3726 Iulianus
2182 3691 2394 3739 num„
2417 3672 2700 3729 Novembri
2719 3691 2922 3739 mense,

591 3773 712 3810 cum
736 3774 869 3812 xxxx
892 3773 1084 3822 annos,
1116 3773 1324 3811 menses
1347 3775 1386 3810 ι
1407 3757 1691 3828 implesset.
1759 3756 2096 3812 Novilunium
2125 3757 2354 3811 medium
2377 3757 2478 3812 hoe
2497 3774 2639 3813 anno
2660 3759 2844 3815 incidit
2863 3761 2920 3815 in

588 3841 722 3898 Nov.
736 3861 806 3897 vr.
819 3881 832 3907 ,
857 3841 997 3896 horis
1020 3843 1220 3912 aliquot
1238 3849 1360 3912 post
1378 3843 1586 3897 initium
1607 3843 1803 3909 noctis,
1828 3844 1974 3913 cyclo
1993 3860 2046 3899 x.
2082 3842 2254 3908 Quare
2277 3844 2326 3897 si
2339 3842 2651 3903 Novembris
2674 3844 2784 3899 dies
2803 3864 2919 3902 vm.

588 3922 970 3982 Marchesuvan
987 3926 1184 3982 Iudaici
1198 3927 1309 3981 dies
1333 3935 1412 3981 est
1428 3946 1518 3982 vn.
1533 3966 1548 3993 ,
1570 3929 1847 3982 neomenia
1861 3927 2071 3983 Iudaica
2092 3929 2210 3982 iniit
2224 3927 2502 3985 Novembr.
2523 3948 2590 3995 11,
2613 3936 2667 3984 et
2687 3949 2720 3986 v
2737 3931 2920 3987 solidis

590 4013 771 4071 diebus
796 4012 1123 4067 novilunium
1147 4014 1438 4069 antecessit.
1484 4013 1619 4067 Nam
1641 4013 1848 4067 iudaice
1871 4014 2194 4068 novilunium
2219 4014 2510 4084 quadrabat
2530 4016 2584 4069 in
2606 4014 2920 4071 Novembris

589 4117 680 4159 vu.
692 4138 707 4164 ,
731 4098 862 4152 feria
877 4118 915 4154 r.
952 4098 1057 4151 Sed
1079 4115 1184 4152 non
1199 4106 1325 4169 puto
1349 4104 1553 4153 tantum
1574 4099 1642 4152 ab
1664 4099 1769 4153 illis
1787 4099 2168 4153 dissimulatam
2183 4100 2348 4154 fuisse
2368 4102 2608 4155 lunarem
2624 4103 2916 4173 προήγησιν.

587 4184 653 4238 Et
674 4190 899 4241 erratum
920 4182 1159 4239 fortassis
1182 4191 1284 4243 est.
1317 4190 1377 4237 ut
1396 4200 1491 4254 pro
1515 4181 1729 4254 ἑβδόμῃ,
1765 4184 1900 4255 τρίτῃ
1922 4185 2007 4238 vel
2030 4184 2255 4256 δευτέρᾳ,
2288 4185 2374 4240 vel
2405 4193 2544 4241 certe
2576 4185 2811 4259 τετάρτῃ,
2844 4189 2917 4242 le-

587 4269 818 4339 gendum
852 4269 945 4334 sit,
983 4285 1085 4339 quo
1108 4269 1393 4323 tolerabilis
1416 4269 1724 4322 neomeniae
1746 4270 1893 4325 labes
1915 4270 2278 4325 intercesserit.
2350 4268 2487 4335 Quin
2519 4278 2572 4326 et
2604 4273 2741 4327 alius
2775 4290 2917 4331 error

589 4361 668 4408 est
688 4355 743 4408 in
768 4355 964 4409 mensis
987 4354 1350 4425 appellatione.
1395 4352 1516 4407 Non
1539 4354 1680 4411 enim
1702 4353 2110 4421 Marchesuvaen,
2145 4355 2237 4410 sed
2260 4354 2500 4410 Chasseu
2521 4374 2636 4413 esse
2659 4358 2835 4426 debet,
2869 4361 2916 4414 ai

587 4440 744 4495 modo
766 4440 964 4494 lunaris
986 4441 1075 4493 ille
1098 4440 1296 4494 mensis
1318 4439 1434 4495 fuit.
1505 4437 1654 4503 Quod
1686 4439 1896 4511 quidem
1917 4439 2032 4495 fieri
2053 4458 2162 4495 non
2181 4449 2380 4512 potest,
2414 4443 2462 4496 si
2494 4443 2695 4513 integer
2728 4445 2799 4497 sit
2828 4444 2912 4499 hic

586 4523 867 4595 Epiphanii
887 4526 1033 4579 locus
1057 4531 1111 4579 et
1129 4523 1325 4579 Iudaici
1345 4525 1540 4579 mensis
1562 4532 1717 4579 sexte
1735 4526 2062 4581 novilunium
2091 4529 2432 4583 commissum
2461 4528 2634 4585 fuerit.
2703 4529 2837 4595 Quid
2868 4529 2912 4585 si

588 4616 682 4663 aut
701 4609 881 4665 Iudaei
902 4616 1026 4664 tunc
1048 4610 1297 4680 temporis
1310 4649 1324 4677 ,
1347 4617 1439 4665 aut
1452 4609 1773 4682 Epiphanius
1796 4612 1909 4682 ipse
1925 4611 2253 4669 Iudaicorum
2275 4616 2536 4671 mensium
2554 4616 2812 4671 vocabula
2831 4615 2912 4670 lu-
