3185 5219
593 343 671 403 71

598 500 647 555 si
668 518 773 555 ux
794 499 1143 572 Interpretnn
1159 508 1493 554 communem
1514 496 1796 552 editionem
1811 512 2047 568 sequare,
2071 512 2206 569 quae
2223 512 2388 553 annos
2404 496 2784 553 Mathunlemo
2807 503 2930 552 ante

598 587 837 656 genitum
868 584 1188 641 Lamechum
1208 590 1421 654 arrogat
1453 599 1663 650 cum,
1696 582 1957 638 Lamecho
1992 600 2114 639 vero
2139 599 2439 650 cnxxxvm,
2473 583 2706 638 conflent
2737 583 2929 638 additis

598 671 787 726 Noemi
830 673 1091 726 sexcentis
1130 671 1252 724 anni
1293 676 1416 724 ante
1454 670 1708 723 diluvium
1745 684 2033 725 roccccnv.
2102 670 2252 723 Vixit
2284 676 2460 723 antem
2492 668 2841 724 Mathusalem
2873 670 2930 723 in

596 762 771 811 totum
793 773 959 813 annos
981 770 1326 812 roccccnxrx.
1359 755 1527 826 Igitur
1548 774 1640 809 xrv
1664 757 1816 810 annis
1838 761 1959 826 post
1980 756 2233 810 diluvium
2257 756 2536 826 superfuit3
2571 755 2712 827 quod
2734 761 2818 808 est
2849 756 2929 809 in-

598 849 794 914 eptum.
847 843 1013 907 Quare
1038 841 1313 896 Africanus
1335 840 1683 895 Mathusalem
1717 857 1884 895 annos
1919 848 2039 895 ante
2062 841 2381 896 Lamechum
2415 848 2717 913 susceptum
2747 841 2933 894 tribuit

601 943 828 994 curn,
853 930 941 999 qui
959 928 1022 981 ad
1040 925 1284 981 Lamechi
1300 926 1590 997 Noemique
1608 926 1839 993 totidem,
1860 927 1998 997 quod
2016 928 2253 998 proxime
2271 928 2677 992 numeravimus,
2702 926 2931 980 adiuncti

600 1029 862 1067 summam
894 1013 1178 1067 conficiunt
1211 1028 1470 1066 annorum
1502 1028 1868 1069 roccccnxxn.
1931 1012 2114 1083 Itaque
2147 1014 2314 1067 tribus
2350 1022 2636 1083 quatuorve
2670 1012 2821 1065 annis
2857 1010 2932 1064 di-

598 1099 797 1153 luvium
820 1116 962 1152 mors
984 1099 1122 1152 illius
1159 1099 1454 1153 antecessit.
1528 1099 1599 1151 At
1619 1113 1742 1152 vero
1773 1097 1909 1151 idem
1934 1098 2208 1152 Africanus
2242 1099 2308 1153 ab
2334 1099 2458 1153 orbe
2481 1097 2687 1153 condito
2711 1096 2776 1150 ad
2800 1096 2932 1150 dilu-

597 1186 741 1241 vium
766 1200 931 1239 annos
954 1184 1156 1255 colligit
1178 1200 1268 1239 cro
1294 1200 1383 1239 cra
1409 1200 1646 1238 ccnxvrr.
1685 1182 1886 1255 Quippe
1920 1183 2059 1238 Enos
2085 1200 2226 1238 cxcv
2258 1184 2483 1250 confert,
2519 1201 2636 1238 cum
2662 1201 2767 1241 ιιι
2801 1182 2930 1235 dun-

597 1276 747 1324 taxat
771 1286 874 1325 cxc
908 1276 1198 1324 numerent-
1251 1268 1541 1324 Subtractis
1577 1270 1806 1340 quinque
1839 1271 1943 1323 illis
1976 1269 2254 1341 superfluis
2291 1270 2594 1325 crediderim
2627 1270 2683 1323 in
2718 1268 2930 1339 reliquis

596 1355 948 1427 Epiphaniam
970 1356 1200 1410 Africani
1213 1395 1227 1420 ,
1258 1355 1368 1409 sive
1392 1374 1499 1410 nn
1522 1355 1660 1427 apud
1682 1355 1986 1410 Africanum
2019 1354 2363 1427 Interpretum
2398 1356 2657 1410 calculum
2693 1360 2931 1408 secutum

598 1456 765 1496 annos
794 1448 1129 1512 computasse,
1149 1456 1239 1495 cro
1264 1456 1354 1495 cro
1379 1456 1578 1496 ccum.

618 1558 625 1564 -
734 1524 820 1579 ’Ev
838 1531 943 1588 τοῖς
968 1521 1100 1598 ὄρεσι
1122 1524 1374 1599 ’ᾼραράτ.]
1425 1524 1717 1581 Chaldaeus
1742 1526 1938 1592 Cordu,
1972 1527 2025 1580 id
2057 1532 2138 1581 est
2169 1526 2423 1597 Γορδαῖος.
2495 1525 2747 1599 Iosephus
2778 1525 2871 1581 lib.
2892 1542 2931 1591 1,

598 1629 714 1684 cap.
737 1632 810 1679 ιν,
835 1609 1165 1683 ἀποβατήριον
1191 1610 1276 1664 τὸν
1299 1614 1454 1664 τόπον
1478 1617 1652 1665 τοῦτον
1671 1611 1913 1684 Ἀρμένιοι
1938 1611 2162 1668 καλοῦσι.
2196 1613 2325 1666 Mox
2341 1611 2598 1666 Berosum
2616 1611 2932 1667 Chaldaeum

598 1700 747 1752 citat:
773 1697 975 1769 Λέγεται
999 1696 1052 1750 δὲ
1075 1696 1157 1750 καὶ
1179 1701 1269 1749 τοῦ
1294 1697 1471 1750 πλοίου
1496 1695 1544 1750 ἐν
1567 1701 1627 1769 τῇ
1647 1694 1871 1769 Ἀρμενίᾳ
1893 1697 2016 1769 πρὸς
2040 1702 2114 1769 τῷ
2140 1692 2238 1769 ὅρει
2261 1700 2362 1750 τῶν
2384 1697 2670 1769 Κορδυαίων
2695 1693 2763 1749 ἔτι
2786 1696 2931 1768 μέρος

599 1801 643 1839 τι
667 1776 801 1835 εἶναι.
837 1782 970 1837 Item
993 1801 1061 1838 ex
1083 1782 1299 1837 Nicolao
1321 1784 1677 1837 Damascene:
1702 1779 1874 1837 Ἔστιν
1893 1781 2012 1853 ὑπὲρ
2037 1781 2122 1851 τὴν
2141 1780 2365 1836 Μινυάδα
2388 1782 2516 1854 μέγα
2539 1778 2653 1854 ὅρος
2675 1780 2802 1835 κατὰ
2819 1779 2934 1852 Ἀρ-

598 1869 764 1940 μενίαν
789 1867 923 1940 βάρις
948 1868 1231 1940 λεγόμενον,
1267 1866 1331 1930 εἰς
1364 1866 1393 1921 ὅ
1425 1867 1644 1929 πολλοὺς
1681 1870 2024 1940 συμφυγόντας
2059 1867 2138 1921 ἐπὶ
2169 1873 2258 1922 τοῦ
2281 1868 2634 1939 κατακλυσμοῦ
2656 1867 2809 1937 λόγος
2832 1863 2933 1938 ἔχει

598 1954 944 2025 περισωθῆναιε
996 1955 1304 2009 Franciscus
1337 1955 1517 2009 Iunius
1551 1971 1647 2029 pro
1682 1953 1825 2025 Βάρις
1859 1954 2244 2009 rescribendum
2291 1955 2559 2008 existimat
2589 1952 2853 2024 Λούβαρις,
2899 1969 2933 2006 a

599 2055 702 2111 quo
737 2057 843 2094 non
879 2038 1147 2094 abhorreo.
1213 2039 1318 2094 Sed
1350 2040 1490 2094 idem
1522 2041 1760 2094 solennia
1792 2039 1996 2107 deliret,
2032 2057 2152 2094 cum
2186 2040 2361 2094 Lubar
2394 2040 2639 2093 Armenio
2675 2046 2728 2092 et
2758 2040 2933 2109 Aegy·

595 2127 766 2197 ptiaco
792 2142 1030 2180 sermone
1054 2125 1180 2179 dicit
1209 2125 1349 2179 idem
1382 2142 1497 2179 esse
1533 2131 1688 2196 atque
1718 2122 2014 2194 ἆποβατικδν
2039 2127 2148 2179 sive
2172 2123 2527 2196 ἆποβατήριον;
2561 2125 2616 2178 id
2649 2129 2731 2178 est
2757 2125 2934 2178 locum

599 2211 971 2278 editissimum,
1000 2228 1069 2265 ex
1093 2227 1196 2282 quo
1220 2211 1504 2265 descensus
1526 2216 1696 2282 patet,
1731 2227 1764 2264 a
1784 2213 1944 2265 verbo
1969 2210 2170 2275 Labar‚
2194 2210 2519 2265 descendere.
2577 2209 2724 2263 Unde
2748 2216 2802 2263 et
2825 2209 2933 2262 La·

598 2297 779 2350 barum
813 2303 864 2350 et
896 2296 1081 2350 Labra
1116 2295 1255 2367 apud
1288 2295 1638 2368 Epiphaniam
1671 2297 1726 2349 in
1749 2297 2101 2353 Ariomanitis.
2171 2296 2276 2350 Sed
2310 2297 2373 2350 de
2405 2297 2576 2350 Labra
2609 2297 2931 2366 caeterisque

597 2384 756 2453 nugis
780 2382 1013 2436 dicemus
1036 2383 1099 2435 ad
1128 2383 1279 2436 illum
1301 2381 1578 2454 Epiphanii
1608 2382 1799 2437 locum.
1855 2380 2004 2446 Quod
2036 2381 2247 2452 quidem
2277 2382 2344 2435 ad
2377 2398 2626 2453 praesens
2659 2383 2934 2453 negotium

597 2469 785 2521 attinet
807 2466 1135 2538 ἀποβατήριον
1168 2467 1388 2538 Iosepho
1411 2473 1743 2538 nuncupatur
1764 2468 1909 2522 locus
1941 2468 2052 2530 ille,
2086 2469 2144 2521 in
2179 2483 2281 2539 quo
2299 2467 2528 2521 Noemus
2563 2466 2649 2536 τὴν
2674 2465 2932 2538 ἀπόβασιν,

596 2550 697 2607 hoc
722 2558 801 2606 est
824 2553 1219 2607 exscensionem
1253 2570 1322 2607 ex
1357 2568 1480 2607 arca
1511 2554 1658 2620 fecit3
1693 2553 1803 2607 sive
1828 2553 1969 2624 quod
1989 2553 2184 2607 ibidem
2214 2553 2277 2605 τὰ
2308 2550 2616 2626 ἀποβατήρια
2648 2570 2798 2608 sacra
2817 2570 2931 2625 per-

599 2639 772 2695 solvit.
825 2639 965 2693 Haec
988 2640 1127 2694 enim
1149 2639 1228 2693 vis
1253 2644 1334 2692 est
1354 2638 1542 2694 horum
1564 2641 1965 2706 vocabulorum,
2000 2637 2333 2710 διποβατήρια,
2371 2638 2659 2711 διαβατήρια
2691 2646 2744 2693 et
2766 2645 2931 2694 caete·

596 2742 792 2780 rorum.
812 2725 976 2780 Valde
992 2726 1153 2797 igitur
1176 2726 1381 2780 aberrat
1396 2725 1604 2793 Iunius,
1633 2743 1752 2780 cum
1776 2724 2106 2798 ἀποβατήριον
2130 2727 2496 2797 interpretatur
2520 2725 2740 2781 arduum
2763 2731 2817 2780 et
2840 2743 2932 2780 ex-

599 2812 823 2877 celsum,
858 2827 926 2866 ex
950 2827 1053 2882 quo
1079 2811 1390 2866 descendere
1414 2816 1676 2882 oporteat3
1713 2812 1851 2882 quod
1886 2827 1919 2864 a
1943 2810 2171 2866 Graecae
2193 2812 2337 2866 vocis
2359 2828 2459 2866 usu
2496 2811 2725 2866 alienum
2757 2817 2810 2866 et
2840 2812 2932 2866 ab·

598 2914 787 2953 sonum
810 2902 907 2954 est.

735 2982 810 3038 Οὔ
835 2982 930 3054 γὰρ
963 2979 1032 3036 ἔτι
1067 2981 1326 3054 ἐμφαίνει]
1373 2983 1699 3038 Putidissimi
1733 2982 1910 3038 Iudaei
1943 2983 2202 3038 Noemum
2236 3001 2270 3038 a
2303 2983 2500 3039 Chamo
2534 2989 2804 3038 exsectum
2835 2999 2933 3039 nu-

599 3074 817 3139 gantur:
849 3075 909 3122 ut
938 3069 1073 3122 inter
1106 3069 1238 3123 alios
1256 3068 1319 3124 R.
1341 3067 1550 3123 Selomo
1564 3108 1579 3134 ,
1617 3069 1706 3139 qni
1729 3075 1782 3124 et
1803 3069 1907 3122 alia
1929 3070 2185 3140 quaedam
2207 3069 2384 3124 adiicit
2403 3068 2631 3124 nefanda
2651 3074 2706 3123 et
2728 3064 2929 3140 ἄρῤητα.

733 3151 796 3208 N.
820 3171 870 3206 v.
904 3149 1018 3205 ἔνθα
1040 3170 1127 3205 του
1151 3152 1480 3222 ἐπελέξαντο]
1514 3154 1757 3208 Fortasse
1780 3156 1934 3207 τόπον
1970 3152 2273 3216 ἐπελέξαντο.

733 3231 835 3289 ’Ἦν
861 3236 914 3290 δὲ
937 3242 1084 3292 τοῦτο
1108 3236 1262 3291 πάλαι
1284 3236 1592 3310 Ἀσσυρίων.]
1645 3241 1786 3310 Ager
1809 3239 2043 3294 Sennaar
2068 3247 2120 3296 et
2142 3240 2385 3311 Babylon
2416 3241 2534 3313 ipsa
2563 3241 2820 3314 primum,
2853 3241 2932 3296 in·

601 3324 740 3393 quit,
772 3323 839 3375 ad
860 3324 1104 3394 Assyrios
1136 3324 1404 3395 pertinuit.
1456 3321 1710 3396 Respexit
1741 3331 1920 3381 autem
1954 3328 2020 3382 ad
2041 3328 2121 3393 id,
2158 3327 2294 3398 quod
2330 3327 2502 3382 Genea
2533 3346 2598 3394 x,
2629 3346 2689 3386 τι.
2714 3328 2930 3399 legitur:

600 3409 684 3462 De
708 3420 848 3462 terra
872 3411 967 3462 illa
992 3408 1273 3480 (Sennaar)
1298 3427 1528 3478 eqressus
1551 3421 1627 3464 est
1648 3412 1832 3476 Assur,
1867 3425 1917 3466 et
1943 3416 2240 3482 aedificavit
2259 3412 2485 3466 Niniven
2508 3423 2559 3466 et
2569 3415 2782 3484 plateas
2802 3418 2932 3467 civi·

601 3498 726 3548 tatis
749 3504 798 3547 et
822 3494 998 3549 Chalc.
1032 3495 1230 3548 Verum
1252 3496 1420 3548 Assur
1443 3495 1657 3566 quidam
1681 3498 1948 3568 proprium
1971 3514 2086 3550 esse
2108 3514 2302 3552 nomen
2324 3499 2654 3552 existimant:
2679 3507 2738 3552 ut
2757 3499 2819 3553 R..
2838 3499 2931 3553 Se-

598 3580 757 3646 lomo,
782 3580 872 3650 qui
894 3596 951 3633 se
974 3581 1042 3635 ab
1065 3580 1347 3650 impiorum
1364 3582 1742 3636 consuetudine
1765 3597 1825 3635 ac
1841 3583 2087 3637 convictu
2109 3585 2417 3654 segregarit,
2441 3584 2765 3655 eundemque
2779 3585 2932 3639 Aben

479 3713 490 3726 ,
602 3664 734 3719 Ezra
753 3663 937 3736 laphet
960 3665 1130 3720 filium
1162 3667 1396 3720 extitisse
1427 3674 1701 3721 memorat.
1752 3667 2008 3739 Equidem
2037 3670 2200 3723 Assur
2229 3668 2329 3723 hoc
2358 3671 2474 3723 loco
2507 3669 2570 3723 de
2591 3671 2807 3740 Assyrio
2837 3688 2930 3743 po·

601 3752 749 3823 pulo,
773 3751 857 3805 vel
879 3750 1015 3806 Nino
1049 3752 1165 3822 ipso
1198 3751 1349 3823 regni
1370 3753 1572 3823 Assyrii
1604 3753 1867 3807 conditore
1900 3755 2147 3808 libentius
2182 3755 2507 3828 interpretor.
2555 3755 2754 3810 Eodem
2774 3774 2929 3827 porro

601 3843 834 3909 spectare
857 3837 1075 3904 videtur,
1099 3838 1239 3909 quod
1262 3843 1342 3892 est
1364 3838 1503 3910 apud
1525 3838 1737 3893 Esaiam
1760 3855 1872 3911 cap.
1892 3858 2043 3907 xxm,
2072 3840 2160 3894 13:
2197 3840 2339 3895 Ecce
2363 3852 2505 3895 terra
2523 3841 2928 3908 Chaldaeorum,-

606 3923 656 3975 T
651 3917 751 3998 alis
765 3925 985 3995 populus
1006 3927 1253 3993 nonsuit:
1276 3925 1699 3994 Aesursundavit
1720 3944 1847 3979 eam.
1883 3926 1950 3979 In
1973 3931 2323 3997 captivitatem
2347 3929 2686 3981 traduxerunt
2702 3929 2931 3983 robustos

599 4012 730 4073 eius,
754 4011 1069 4080 suffoderunt
1090 4011 1262 4063 domus
1284 4014 1417 4076 eius,
1444 4020 1724 4080 posuerunt
1745 4030 1857 4065 eam
1878 4015 1934 4064 in
1955 4015 2176 4067 ruinam.
2230 4012 2334 4065 Sed
2356 4012 2613 4067 Hebraiea
2634 4014 2791 4068 aliam
2813 4030 2928 4068 sen-

596 4096 815 4149 tentiam
835 4095 1158 4167 praeferunt:
1196 4095 1302 4148 Iste
1327 4095 1548 4166 populus
1582 4115 1680 4150 non
1713 4106 1831 4150 erat
1860 4099 1971 4149 illic
2006 4100 2139 4150 olim.
2189 4098 2619 4168 Assurfimdavit
2640 4116 2752 4153 eam
2784 4105 2927 4154 nar-i·

601 4180 716 4244 bue,-
747 4181 855 4248 vel,
887 4186 948 4235 ut
969 4181 1081 4256 alii,
1117 4183 1309 4235 deserti
1327 4182 1536 4246 ιἠοοῖίες
1572 4188 1661 4253 qui
1682 4191 1948 4238 erexerunt
1979 4201 2128 4236 arces
2158 4185 2315 4238 illius.
2372 4182 2480 4237 Sed
2499 4183 2790 4256 (Chaldaei)
2813 4204 2928 4240 con-

598 4270 846 4320 triverunt
856 4269 1072 4338 palatia
1094 4269 1257 4332 illius,
1283 4272 1378 4321 etc.
1432 4266 1580 4332 Quod
1610 4269 1686 4324 ita
1717 4269 1780 4324 R.
1797 4268 1966 4323 David
1999 4270 2231 4340 exponit.
2282 4268 2400 4324 Non
2422 4275 2505 4324 est
2522 4272 2713 4326 mirum
2734 4278 2830 4326 aut
2849 4273 2926 4327 in·

597 4352 866 4418 credibile,
900 4353 1040 4424 quod
1074 4353 1137 4408 de
1171 4354 1298 4424 Tyri
1332 4354 1600 4409 eversione
1632 4355 1958 4426 praedicitur.
2009 4354 2143 4409 Ecce
2175 4355 2274 4408 tibi
2305 4354 2547 4426 Babylon
2579 4364 2633 4411 et
2663 4357 2928 4414 Chaldaea

597 4437 716 4508 ipsa
737 4453 845 4491 non
867 4438 1079 4493 eosdem
1101 4456 1307 4510 semper
1329 4441 1529 4494 incolas
1556 4438 1761 4505 habnit;
1795 4439 1888 4493 sed
1920 4445 1974 4491 et
1995 4440 2111 4509 ipsa
2133 4441 2545 4495 vicissitudinem
2579 4447 2661 4494 est
2689 4450 2923 4514 experta.

597 4521 736 4578 Nam
757 4522 1134 4580 Chaldaeorum
1160 4524 1385 4596 populus
1411 4524 1537 4578 olim
1559 4524 1634 4579 ibi
1655 4524 1833 4580 sedem
1853 4540 1961 4579 non
1983 4521 2193 4592 habuit,
2227 4525 2320 4580 sed
2341 4528 2546 4598 Assyrii
2573 4528 2827 4600 principio
2849 4535 2927 4584 te·

597 4614 826 4665 nuerunt
859 4614 913 4665 et
943 4610 999 4665 in
1032 4626 1098 4665 ea
1128 4611 1285 4666 urbes
1319 4611 1632 4667 excitarunt.
1683 4611 1820 4668 Tum
1853 4610 2098 4667 Chaldaei
2128 4612 2295 4685 pulsis
2327 4613 2554 4683 Assyriis
2588 4621 2926 4685 occuparunt,
