3185 5219
594 379 846 439 cnm

595 540 740 608 cyclo
766 539 1032 592 communi
1052 537 1334 594 Iudaicam.
1404 537 1686 611 Propterea
1716 538 1791 592 sic
1813 536 2092 610 Epiphanil
2121 553 2271 592 mens
2291 536 2680 610 interpretanda
2702 537 2934 592 videtur:

596 624 750 677 ἕνεκεν
771 625 963 690 τούτου,
987 623 1084 678 hoc
1109 630 1189 678 est
1211 640 1330 677 cum
1347 623 1631 694 depravata
1651 625 1742 678 illa
1764 623 2007 677 methodo
2041 639 2101 677 ac
2129 624 2261 694 cycli
2289 624 2627 695 dispositione
2645 629 2937 690 uterentur,

594 710 881 763 secundum
899 726 1056 780 quam
1077 711 1320 764 xmluua
1335 709 1494 763 biduo
1512 711 1806 775 coelestem,
1825 708 1923 761 hoc
1942 715 2023 762 est
2038 709 2323 763 Niceenam
2342 710 2676 776 anteveniret,
2699 709 2939 763 animad-

392 808 435 848 ¹³·
453 794 544 840 ²0³·
592 811 745 848 versa
765 796 883 848 labe
907 794 1214 848 Pharisaeos
1229 835 1242 860 ,
1279 794 1452 864 quoad
1475 795 1819 865 plenilunium
1842 795 2057 865 propius
2089 795 2417 859 accederent,
2449 794 2644 865 pascha
2664 796 2722 848 in
2745 811 2836 851 xv.
2858 796 2938 849 lu-

593 896 717 934 nam
740 880 1018 935 distulisse.
1066 879 1248 949 Itaque
1272 879 1543 950 dupliciter
1564 880 1754 933 vitiosa
1776 877 2037 950 paschatis
2061 880 2336 933 celebritas
2368 880 2493 933 fuit:
2540 882 2769 952 primum
2791 879 2938 950 apud

593 984 708 1031 eos,
743 967 834 1037 qui
861 966 993 1019 feria
1015 984 1094 1020 m.
1128 966 1255 1018 luna
1277 982 1371 1019 ιιι.
1402 964 1615 1019 Iudaica
1644 964 1842 1036 pascha
1875 964 2235 1030 comederunt,
2267 965 2406 1036 quod
2437 966 2570 1019 feria
2590 984 2640 1019 v.
2669 965 2799 1018 luna
2819 981 2935 1020 nv.

588 1051 888 1105 faciendum
906 1057 1039 1115 erat,
1062 1057 1174 1103 tum
1194 1050 1334 1121 apud
1349 1047 1681 1115 Pharisaeos,
1705 1050 1796 1119 qui
1812 1047 2069 1121 ὁπερβᾶσιι
2086 1057 2294 1122 recepta
2317 1069 2423 1104 xrv.
2442 1051 2574 1120 cyeli
2597 1051 2682 1104 sui
2701 1056 2937 1121 praeter·

592 1138 761 1207 gressi
785 1141 925 1192 sunt.
991 1134 1229 1189 Christus
1261 1152 1413 1206 porro
1438 1151 1555 1188 cum
1580 1135 1768 1189 maiori
1791 1136 1972 1206 populi
1994 1140 2141 1206 parte
2162 1135 2294 1189 feria
2315 1137 2471 1189 tertia
2492 1136 2789 1190 celebravit.
2856 1134 2939 1188 Ita

594 1222 802 1293 quidem
825 1221 1146 1293 Epiphanius
1162 1260 1175 1285 ,
1207 1237 1304 1274 nec
1326 1220 1474 1273 aliter
1497 1220 1825 1290 interpretari
1847 1222 1992 1285 licet,
2028 1227 2118 1274 aut
2140 1223 2206 1275 ab
2231 1238 2401 1275 errore
2423 1221 2701 1275 vindicare.
2747 1220 2936 1291 Neque

592 1309 731 1361 enim
753 1308 887 1361 feria
906 1306 1081 1370 tertia,
1115 1304 1213 1359 hoo
1247 1311 1329 1358 est
1362 1311 1547 1375 quarto
1582 1312 1705 1359 ante
1726 1307 2024 1376 passionem
2047 1305 2130 1359 die
2144 1346 2158 1372 ,
2190 1305 2425 1360 Christus
2449 1306 2696 1377 paschate
2717 1305 2935 1360 functus

592 1399 696 1459 est,
718 1409 889 1464 neque
912 1391 1069 1445 biduo
1091 1392 1148 1444 in
1171 1389 1394 1444 vinculis
1416 1389 1653 1455 habitus3
1688 1391 1831 1462 quod
1855 1390 2045 1444 frustra
2068 1391 2284 1445 credidit
2305 1391 2645 1463 Epiphanius.
2693 1391 2833 1445 Nam
2870 1391 2935 1444 de

591 1477 914 1548 σταυρώσεως
936 1483 1171 1548 tempore
1194 1476 1469 1530 nobiscum
1494 1478 1668 1531 sentit.
1736 1475 2102 1531 Emendandus
2137 1477 2300 1547 igitur
2329 1482 2412 1531 eet
2441 1477 2508 1531 ad
2540 1494 2660 1532 eum
2692 1476 2934 1542 modum,

593 1580 750 1634 quem
773 1579 929 1634 supra
953 1561 1424 1615 demonstravimus
1446 1577 1569 1632 pag.
1595 1561 1707 1616 172.
1746 1564 1918 1630 [cun.
1944 1564 2048 1632 sq.]

725 1647 1029 1720 Ὗπίρβατον
1052 1646 1348 1716 προθέντες]
1394 1644 1547 1700 Forte
1571 1645 1869 1717 προςθίντες.

727 1733 819 1785 Καὶ
836 1732 933 1784 δια
950 1732 1007 1784 τὸ
1026 1729 1237 1803 πάσχι]
1274 1729 1412 1795 Quid
1430 1730 1514 1784 hic
1537 1731 1732 1786 audio?
1754 1729 1877 1801 ἐκεῖ,
1901 1732 1953 1786 id
1976 1738 2057 1786 est
2077 1733 2132 1787 in
2154 1733 2305 1787 horte
2327 1731 2525 1804 pascha
2543 1732 2932 1787 manducasse?

588 1819 806 1873 Minime
836 1817 889 1871 id
921 1817 1147 1888 quidem.
1194 1816 1299 1869 Sed
1320 1817 1403 1870 vel
1427 1814 1526 1868 ἐκεῖ
1545 1815 1615 1870 ad
1636 1817 1907 1888 superiora
1926 1818 2174 1888 pertinet,
2204 1820 2289 1871 vel
2310 1819 2614 1873 traiectione
2635 1825 2823 1889 peccat
2847 1818 2931 1872 hie

588 1907 749 1958 locus.
821 1902 970 1967 Quod
999 1903 1232 1967 subiicit,
1266 1900 1358 1954 οὒκ
1388 1897 1555 1963 ἄλλως
1579 1902 1787 1968 ποιήσας
1806 1942 1820 1971 ,
1858 1900 2123 1957 Christum
2154 1910 2400 1970 excusat,
2429 1919 2524 1958 cur
2551 1921 2658 1959 non
2687 1905 2930 1974 legitimo

589 1996 822 2059 tempore
845 1986 1040 2059 pascha
1062 1987 1344 2059 peregerit,
1380 1986 1521 2057 quod
1541 1986 1608 2040 ad
1631 1988 1900 2058 publicum
1926 1993 1978 2041 et
2000 2005 2330 2043 communem
2352 2005 2510 2045 usum
2531 1990 2929 2043 accommodare

590 2092 649 2128 se
672 2075 928 2129 maluerit.

724 2159 787 2213 N.
812 2177 997 2214 xxvm.
1046 2157 1200 2219 Εὐθὺς
1225 2159 1420 2228 πρῶτος
1444 2156 1812 2226 Οὔαλεντὶνος.]
1864 2158 2004 2212 Haec
2028 2175 2096 2213 ex
2119 2160 2334 2214 irenaeo
2366 2175 2622 2232 expressa
2652 2167 2803 2226 sunt,
2837 2162 2930 2231 qui

588 2246 679 2299 lib.
696 2264 753 2298 11.
777 2261 890 2316 cap.
909 2261 1134 2299 xxxviii.
1158 2243 1551 2296 Valentinianos
1594 2242 1810 2310 refutat,
1844 2245 1934 2315 qui
1975 2262 2080 2298 xxx
2105 2246 2341 2299 Aeonum
2374 2247 2652 2316 collegium
2691 2245 2795 2299 hoo
2834 2261 2928 2299 aa·

588 2347 777 2384 uorum
801 2329 991 2383 Christi
1010 2345 1228 2383 numero
1250 2327 1552 2381 fulciebant.
1588 2327 1792 2399 Quippe
1811 2327 2072 2384 Christum
2096 2332 2401 2385 asserebant
2421 2347 2562 2385 anno
2585 2332 2774 2385 aetat‘n
2797 2348 2926 2384 xxx.

586 2431 806 2486 passum
839 2432 979 2480 esse,
1010 2430 1191 2468 mense
1214 2432 1310 2468 xrr.
1359 2412 1553 2467 Contra
1575 2430 1708 2484 quos
1731 2430 1845 2485 cap.
1865 2432 2047 2470 xmx.
2071 2414 2393 2470 demonstrat
2415 2418 2624 2471 biennio
2647 2424 2703 2471 st
2723 2417 2929 2487 aliquot

586 2502 855 2556 mensibus
873 2499 1217 2572 praedicasse.
1254 2496 1601 2568 Posteaquam
1619 2500 1780 2569 igitur
1802 2500 1865 2553 de
1887 2507 2110 2572 utroque
2133 2517 2271 2555 anno
2285 2541 2300 2567 ,
2321 2509 2434 2555 tam
2456 2519 2561 2573 quo
2581 2509 2740 2557 natus
2763 2517 2927 2573 quam

589 2603 693 2659 quo
716 2600 907 2658 passus
936 2591 1018 2639 est
1039 2585 1306 2650 dominus,
1341 2585 1735 2641 accuratissime
1768 2585 2174 2659 disputavimus,
2208 2594 2617 2642 consentaneum
2649 2595 2736 2642 est
2767 2594 2829 2642 ut
2861 2588 2926 2642 de

585 2673 895 2743 paschatum
919 2688 1054 2742 quae
1085 2677 1206 2742 post
1238 2671 1557 2742 baptismum
1589 2670 1826 2724 Christus
1858 2673 1988 2726 obiit
2015 2689 2234 2726 numero
2265 2673 2626 2728 difficillimam
2661 2675 2925 2745 quaestio·

585 2776 707 2812 nem
732 2759 1066 2829 explicemus.
1115 2756 1283 2821 Quam
1307 2772 1403 2809 nos
1427 2755 1564 2810 hunc
1586 2757 1763 2827 ipsum
1785 2758 1841 2811 in
1865 2758 2036 2811 locum
2059 2758 2245 2811 merito
2269 2758 2595 2833 distulimus3
2629 2759 2772 2830 quod
2803 2774 2924 2814 cum

586 2844 841 2915 superiori
862 2842 925 2896 de
947 2843 1195 2913 passione
1216 2840 1411 2894 Christi
1434 2841 1785 2912 disputatione
1807 2858 2049 2897 connexa
2070 2848 2226 2913 atque
2247 2842 2516 2914 implicata
2536 2844 2818 2899 videretur.

705 2997 886 3063 QUOT
920 2995 1293 3051 SECUNDUM
1324 2994 1730 3051 BAPTISMUM
1761 2995 2113 3051 PASGRATA
2147 2996 2479 3052 CHRISTUS
2513 2997 2810 3054 onmm‘r.

718 3101 873 3154 Mitto
893 3104 1092 3152 veteres
1108 3099 1251 3163 illos,
1274 3114 1382 3151 nou
1400 3097 1689 3152 haereticos
1707 3099 1902 3163 solum,
1923 3098 2413 3167 utValentinianos,
2435 3100 2530 3154 sed
2551 3102 2712 3155 etiam
2729 3106 2921 3172 patrea,

586 3186 678 3255 qui
700 3201 838 3237 anno
862 3185 1048 3237 aetatis
1071 3201 1195 3236 xxx.
1219 3198 1436 3254 passum
1457 3183 1730 3237 dominum
1752 3185 2036 3238 memoriae
2056 3185 2416 3255 prodiderunt,
2451 3187 2648 3256 quique
2677 3203 2845 3241 unum
2873 3188 2922 3240 ei

586 3270 843 3322 duntaxat
873 3268 1272 3339 praedicationis
1306 3283 1503 3320 annum
1539 3269 1901 3338 assignarunt,
1934 3275 1993 3322 ut
2025 3270 2161 3323 inter
2194 3270 2326 3324 alios
2359 3270 2573 3327 Tertull.
2602 3272 2694 3326 lib.
2729 3288 2775 3326 c.
2811 3272 2918 3326 lud.

585 3370 697 3425 cap.
722 3372 832 3407 vm.
896 3352 1028 3406 Item
1051 3352 1353 3406 Lactantius
1376 3351 1467 3406 lib.
1490 3369 1558 3406 nr.
1586 3369 1701 3424 cap.
1722 3370 1775 3408 x.
1802 3352 1962 3408 Glem.
1987 3355 2135 3409 Alex.
2161 3355 2249 3410 lib.
2271 3373 2305 3411 r.
2329 3362 2384 3409 et
2405 3374 2477 3411 vr.
2503 3355 2697 3410 Sti-on.
2723 3358 2917 3412 Δωσι-

585 3455 685 3493 nus
710 3437 846 3510 apud
868 3438 1004 3495 Hier.
1029 3439 1083 3491 in
1107 3436 1238 3492 Dan.
1264 3452 1374 3508 cap.
1393 3454 1466 3490 ιι.

719 3524 813 3578 His
828 3564 841 3591 ,
874 3523 1114 3593 inquam,
1146 3523 1554 3593 praetermissis,
1585 3538 1810 3593 quorum
1844 3525 2019 3595 opinio
2042 3525 2317 3580 manifeste
2338 3542 2460 3580 cum
2481 3527 2696 3582 Ioannis
2718 3544 2782 3582 ac
2805 3544 2918 3583 cae-

584 3616 814 3663 terorum
838 3609 1109 3679 evangelio
1133 3612 1360 3679 pugnat,
1384 3613 1489 3661 tres
1509 3615 1632 3662 sunt
1647 3610 1954 3680 praecipuae
1972 3609 2036 3663 de
2051 3610 2358 3681 paschatum
2374 3626 2591 3667 numero
2610 3616 2917 3671 meeum.

584 3695 719 3749 Nam
741 3694 825 3748 vel
846 3695 971 3758 tris,
1005 3694 1090 3747 vel
1113 3701 1352 3764 quatuor,
1386 3695 1469 3747 vel
1493 3695 1723 3764 quinque
1747 3700 2059 3761 statuuntur,
2093 3712 2315 3768 quorum
2336 3704 2661 3768 postremum
2683 3698 2819 3753 illud
2839 3706 2920 3753 est

582 3783 637 3834 in
673 3797 802 3851 quo,
834 3781 917 3833 vel
949 3779 1049 3832 sub
1082 3779 1221 3849 quod
1244 3777 1479 3832 Christus
1510 3780 1566 3832 iu
1589 3794 1744 3833 cruce
1765 3778 1992 3833 suffixus
2017 3789 2118 3848 est,
2154 3782 2294 3852 quod
2325 3783 2542 3853 proinde
2570 3784 2918 3855 στωρώσεμον

584 3865 784 3919 dicitur.
853 3864 935 3917 Ex
959 3865 1025 3916 iis
1048 3863 1274 3918 secunda
1295 3863 1496 3917 mediae
1518 3865 1821 3930 vetustafis,
1853 3867 2006 3919 tertia
2033 3866 2200 3920 infimi
2232 3868 2454 3933 saeculi,
2485 3869 2659 3939 prima
2677 3875 2918 3924 veterum

581 3949 957 4021 propemodum
981 3949 1214 4002 omnium
1238 3957 1334 4004 est.
1372 3948 1441 4001 Ut
1455 3950 1619 4020 igitur
1634 3952 1784 4021 plura
1798 3950 1965 4004 tribus
1981 3952 2234 4022 paschata
2253 3958 2376 4023 pest
2394 3953 2717 4023 baptismum
2739 3954 2918 4027 elapsa

383 4066 426 4105 p,
444 4054 533 4098 ιω,
584 4037 873 4100 credantur,
897 4034 1285 4105 evangeliorum
1306 4035 1606 4089 testimonio
1631 4042 1801 4089 ratum
1822 4035 1934 4089 fleri
1951 4036 2165 4102 videtur,
2187 4038 2547 4108 imprimisque
2560 4037 2805 4107 Ioannis,
2827 4040 2917 4112 qni

585 4122 873 4175 distinctius
897 4137 961 4173 ea
982 4120 1200 4172 caeteris
1222 4118 1389 4171 tribus
1412 4120 1824 4190 nominatimque
1845 4122 2161 4190 perscripsit.
2210 4123 2362 4192 Apud
2384 4138 2541 4193 quem
2570 4125 2801 4195 primum
2823 4141 2914 4198 pa-

584 4206 711 4260 scha
740 4207 893 4277 paulo
923 4211 1046 4276 post
1079 4204 1395 4274 baptismum
1428 4209 1484 4256 et
1518 4206 1826 4259 miraculum
1859 4206 1914 4258 in
1948 4205 2094 4258 Cana
2122 4204 2321 4260 Mam
2354 4223 2544 4279 cap-n.
2568 4224 2706 4266 eom.
2731 4211 2812 4266 13.
2835 4226 2914 4266 re-

586 4296 840 4344 censetur.
909 4289 1205 4343 Secundum
1229 4304 1340 4359 cap.
1359 4306 1408 4342 v.
1432 4306 1567 4345 com.
1600 4290 1644 4343 1.
1666 4290 1759 4344 ubi
1778 4289 1973 4343 festum
1991 4290 2129 4343 diem
2160 4306 2195 4343 a
2225 4291 2430 4346 Iudaeis
2463 4293 2789 4350 celebratum
2811 4299 2912 4354 aiu

586 4377 725 4446 quod
748 4376 810 4430 de
832 4373 1079 4446 paschate
1102 4375 1342 4428 Irenaeus
1366 4375 1556 4444 accipit
1574 4375 1666 4430 lib.
1687 4392 1743 4429 n.
1769 4390 1881 4445 cap.
1901 4391 2082 4429 xxm.
2137 4375 2368 4431 Tertium
2391 4386 2473 4431 eet
2491 4394 2610 4450 cap.
2629 4398 2682 4434 v.
2705 4398 2842 4437 com.
2857 4383 2909 4437 4.

582 4468 705 4531 post
725 4466 959 4514 saturata
979 4460 1208 4529 quinque
1230 4458 1393 4513 millis
1414 4459 1639 4529 panibus
1663 4459 1895 4529 quinque
1928 4475 1990 4512 ac
2019 4458 2221 4514 duobus
2254 4462 2503 4532 piscibus.
2549 4463 2811 4528 Qun-tun
2832 4474 2913 4522 est

583 4544 790 4598 illudis
813 4561 916 4614 quo
938 4559 1123 4613 passus
1147 4549 1240 4597 est.
1307 4542 1390 4597 sd
1420 4543 1553 4597 hanc
1582 4544 1792 4598 Ioannis
1815 4542 2085 4598 historiam
2109 4552 2162 4599 et
2179 4547 2455 4602 intervalla
2472 4555 2777 4621 temporum
2795 4552 2910 4608 reli-

586 4643 808 4699 quorum
840 4628 1186 4692 narrationes,
1228 4644 1362 4697 quae
1394 4629 1568 4684 minus
1603 4629 1899 4683 distinctam
1933 4628 2126 4684 habent
2157 4630 2555 4703 descriptionem
2593 4640 2908 4707 temporum,
