3185 5219
601 356 884 412 ccoxxu

596 538 644 582 et
683 533 996 583 incruentum
1040 533 1354 599 sam-{ficium
1396 531 1653 601 appellat;
1711 538 1769 585 ut
1812 535 1868 587 et
1908 533 2066 602 paulo
2110 538 2229 603 post
2274 533 2532 603 disjuncte
2577 532 2805 605 λατρείας
2849 535 2926 587 καὶ

596 611 898 685 οἰκονομίας,
941 621 994 668 et
1033 615 1088 668 in
1125 615 1362 668 Aeriauis
1405 614 1546 671 haer.
1585 635 1785 672 nxxvn.
1822 616 1908 684 τὴν
1956 616 2235 689 οἰκονομίαν
2280 622 2365 685 τῆς
2410 618 2661 690 λατρείας,
2708 618 2809 673 hoc
2852 629 2927 673 est

592 703 815 754 missam.
883 699 1016 754 Nam
1052 699 1252 770 λατρεία
1288 700 1494 755 divinus
1531 704 1701 756 cultus
1737 711 1892 772 atque
1929 704 2157 757 officium
2186 712 2289 767 est,
2325 704 2463 773 quod
2499 706 2758 759 sacrificio
2783 722 2925 776 prae·

592 791 787 849 σταται-ς
830 784 1085 856 οἰκονομία
1127 787 1502 841 incarnationis
1549 790 1915 858 passionisque
1958 788 2249 842 dominicae
2297 792 2603 858 mysterium
2646 791 2924 861 significat,

591 873 675 924 cui
718 872 1154 941 repraesentando
1201 874 1500 926 institutum
1544 874 1670 927 illud
1717 883 1798 927 est
1840 890 1873 926 a
1918 874 2011 927 deo
2048 875 2379 927 sacrificium.
2450 876 2563 929 Etsi
2596 877 2651 930 in
2688 877 2924 930 Aerianis

589 956 652 1009 N.
669 975 750 1013 ιιι.
784 957 1091 1028 simpliciter
1126 955 1433 1028 οἰκονομίαν,
1471 959 1566 1012 hoc
1590 966 1672 1012 est
1696 960 2019 1029 mysterium,
2055 969 2219 1012 vocat.
2292 960 2447 1013 Porro
2474 961 2602 1014 feria
2627 963 2812 1031 quinta
2838 961 2923 1015 do-

587 1043 1096 1114 minicae-passionis
1128 1044 1182 1096 in
1209 1043 1517 1114 quibusdam
1555 1044 1786 1097 ecclesiis
1810 1043 2163 1115 ἀπονηστιςμος
2200 1046 2325 1110 fuit,
2363 1062 2423 1098 ac
2440 1046 2626 1117 jejunii
2650 1047 2924 1111 relaxatio,

587 1135 646 1182 ut
681 1131 814 1198 Aug.
849 1128 1044 1182 iudicat
1078 1128 1171 1199 Ep.
1197 1145 1382 1183 cxvrrr.
1420 1129 1632 1200 Cap.1v.
1704 1129 1850 1193 Quod
1888 1129 2178 1183 Laodicena
2205 1129 2450 1199 Synodus
2487 1133 2729 1202 usurpari
2764 1132 2925 1185 vetuit

588 1214 715 1269 Can.
738 1231 891 1268 xmx:
927 1212 1047 1267 'Ort
1082 1213 1140 1266 οὗ
1165 1215 1239 1266 δεῖ
1261 1212 1310 1266 ἐν
1345 1220 1713 1286 τεσσαρακοστῇ
1749 1219 1807 1282 τῆ
1828 1214 2008 1286 ὑστέρᾳ
2030 1213 2267 1285 ἑβδομάδι
2290 1214 2375 1282 τὴν
2400 1215 2624 1287 πέμπτην
2661 1216 2810 1282 λύειν,
2845 1216 2922 1268 καὶ

587 1296 710 1365 ὅλην
744 1298 830 1366 τὴν
880 1299 1273 1369 τεσσαρακοστὴν
1309 1298 1578 1370 ἀτιμάζειν,
1630 1297 1760 1352 ἀλλὰ
1795 1301 1868 1353 δεῖ
1903 1302 2064 1352 πᾶσαν
2100 1299 2185 1367 τὴν
2238 1300 2631 1371 τεσσαρακοστὴν
2683 1303 2920 1368 νηστεύειν

587 1383 1003 1455 ξηροφαγοῦντας.
1071 1385 1154 1438 Ex
1189 1402 1293 1454 quo
1329 1386 1535 1438 notabis
1572 1387 1740 1440 obiter
1777 1388 2037 1456 passionis
2073 1386 2451 1439 hebdomadem
2489 1387 2920 1457 quadragesimae

585 1478 785 1542 partem
808 1487 941 1537 esse,
975 1488 1081 1524 non
1114 1471 1180 1523 ab
1215 1470 1305 1524 illa
1327 1470 1640 1524 distinctam.
1688 1471 1934 1526 Trullaua
1960 1488 2167 1543 quoque
2194 1472 2437 1541 Synodus
2464 1471 2592 1526 Can.
2610 1490 2757 1528 xxxx.
2785 1472 2919 1542 quod

584 1557 640 1610 iu
676 1554 1095 1626 Carthaginiensi
1132 1553 1365 1608 Concilio
1410 1556 1473 1609 de
1517 1557 1646 1609 feria
1691 1557 1779 1610 illa
1828 1558 2010 1627 quinta
2054 1558 2364 1611 nominatim
2410 1565 2691 1629 exceptum
2736 1558 2921 1622 fuerat,

594 1641 660 1696 Ut
689 1651 1022 1695 sacramenta
1058 1643 1248 1693 altaris
1283 1645 1483 1694 nonnisi
1518 1662 1551 1693 α
1573 1644 1770 1710 jejunis
1805 1645 2085 1694 hominibus
2113 1645 2441 1706 celebrentur,
2478 1655 2684 1714 excepto
2707 1662 2806 1696 uno
2842 1646 2921 1696 die

586 1731 960 1790 amanet-sario,
996 1745 1089 1796 quo
1126 1744 1282 1779 coena
1320 1729 1512 1780 domim·
1544 1729 1832 1780 celebratur
1867 1729 1976 1798 (qui
2001 1736 2082 1781 est
2106 1727 2278 1781 Carth.
2303 1747 2383 1782 m.
2409 1729 2536 1783 Can.
2565 1732 2734 1794 xxix.)
2772 1730 2920 1782 abro-

584 1813 758 1883 gavit,
793 1812 1060 1881 vetuitque
1095 1812 1184 1865 illo
1221 1812 1302 1865 die
1337 1813 1468 1866 solvi
1496 1813 1778 1882 jejunium.
1852 1817 1917 1866 At
1952 1815 2279 1883 Augustinus
2323 1815 2375 1867 in
2414 1814 2650 1885 Epistola
2682 1815 2921 1885 proxime

584 1898 745 1952 citata
777 1897 1044 1951 nonnullis
1080 1898 1136 1950 in
1170 1898 1403 1951 ecelesiis
1437 1915 1638 1952 morem
1674 1899 1839 1952 fuisse
1875 1899 2130 1963 declarat,
2168 1909 2221 1951 ut
2256 1900 2331 1950 bis
2355 1905 2531 1967 quinta
2563 1901 2774 1972 subbati
2806 1901 2919 1954 lteb-

584 1985 836 2036 domadae
873 1985 1079 2036 ultimae
1130 1986 1581 2052 quadraqesimae,
1639 1994 1687 2036 et
1722 2003 1891 2048 mane,
1944 1994 1993 2036 et
2027 1987 2100 2037 ad
2135 2003 2394 2053 vesperam
2431 1988 2728 2054 offerretur,
2781 1985 2918 2056 quod

520 2106 532 2119 .
582 2067 981 2139 improbandum
1017 2084 1134 2121 esse
1168 2075 1343 2138 negat.
1413 2068 1561 2132 Quod
1596 2071 1767 2139 ipsum
1805 2071 1926 2122 olim
1954 2070 2007 2121 in
2042 2077 2213 2122 vetere
2249 2070 2469 2122 ecclesia
2504 2071 2688 2124 ceteris
2734 2071 2917 2125 diebus

587 2155 838 2208 usitatum
872 2154 1062 2218 fuisse,
1098 2154 1295 2207 iudicat
1331 2154 1625 2223 Cyprianus
1654 2154 1815 2225 Epist.
1842 2172 1989 2208 um.
2026 2154 2146 2207 edit.
2174 2155 2317 2208 Pam.
2389 2153 2487 2208 Ubi
2523 2156 2806 2209 nonnullos
2841 2173 2918 2209 re-

584 2237 858 2310 prehendit
899 2241 989 2310 qui
1033 2241 1087 2292 in
1133 2240 1401 2293 matutinis
1434 2240 1705 2292 sacrificiis
1740 2255 1931 2310 aquam
1969 2241 2136 2292 solam
2170 2240 2511 2304 adhibebant,
2548 2259 2608 2293 ne
2634 2259 2737 2310 per
2769 2259 2919 2312 napo-

583 2343 690 2378 rem
723 2329 834 2378 vini
864 2327 1151 2378 redolerent
1182 2330 1477 2391 sanquinem
1515 2325 1726 2379 Christi.
1795 2324 1936 2389 Quos
1972 2326 2046 2378 ita
2080 2327 2330 2395 castigat:
2367 2327 2455 2376 An
2488 2327 2583 2378 ma
2607 2327 2710 2378 sibi
2732 2328 2919 2396 aliquis

585 2413 1002 2481 contmplatioue
1037 2412 1316 2476 blanditur,
1351 2413 1483 2479 quod
1515 2415 1611 2464 etsi
1641 2429 1790 2463 mane
1826 2429 1963 2481 aqua
1997 2411 2108 2462 sola
2142 2414 2321 2480 offerri
2352 2413 2569 2475 videtur,
2603 2422 2774 2465 tamen
2810 2430 2918 2464 cun

586 2499 661 2550 ad
693 2500 1004 2551 coenandum
1034 2487 1274 2560 'venimus
1313 2501 1515 2549 mixtum
1555 2498 1770 2549 calicem
1805 2500 2076 2566 offerimus,
2112 2499 2205 2549 sed
2236 2515 2347 2548 cum
2374 2514 2658 2561 coenamus,
2696 2499 2772 2550 ad
2806 2516 2917 2550 con—

582 2587 772 2637 vinium
807 2591 1025 2637 nostrum
1057 2583 1248 2653 plebem
1287 2600 1568 2635 com-ocare
1604 2601 1700 2635 non
1727 2599 2018 2652 possumus,
2071 2593 2125 2634 ut
2158 2585 2474 2635 sacramenta·
2506 2586 2773 2635 veritatem
2792 2587 2918 2652 sta-

584 2675 824 2723 term'tate
868 2674 1003 2721 omni
1038 2678 1313 2739 praesente
1365 2670 1684 2723 celebremus.
1756 2667 1846 2720 Bis
1882 2668 2044 2737 igitur
2087 2667 2342 2720 sacrificia
2377 2666 2625 2721 celebrari
2660 2669 2918 2732 solebant,

582 2771 762 2821 mane,
797 2762 850 2808 et
884 2753 1098 2824 quidem
1131 2754 1363 2824 publice,
1398 2761 1512 2808 tum
1547 2755 1792 2824 privatim
1828 2754 1926 2806 sub
1966 2769 2250 2823 vesperam.

717 2838 812 2891 Καὶ
846 2839 1005 2901 οὕτως
1040 2836 1285 2906 ἀπόλυτα]
1356 2838 1620 2900 Ἀπόλυσις
1655 2847 1738 2892 est
1770 2844 1951 2904 missa,
2010 2840 2122 2891 sive
2168 2843 2363 2904 missio,
2416 2854 2538 2891 cum
2572 2838 2830 2892 diaconus
2863 2854 2918 2891 re

579 2941 731 2980 sacra
763 2926 1003 2979 confecta
1035 2926 1289 2996 populum
1325 2927 1554 2980 dimittit.
1624 2924 1796 2989 Quare
1829 2924 2217 2978 subaudiendus
2255 2931 2336 2977 est
2371 2921 2398 2975 ὁ
2435 2922 2677 2985 διάκονος.

715 3009 801 3062 Ἐν
826 3015 884 3081 τῇ
910 3009 1231 3081 ἀναστασίμῳ
1266 3010 1463 3081 ἡμέρῃ]
1501 3011 1713 3081 Proprie
1749 3009 1940 3081 μεγάλη
1974 3009 2133 3081 ἡμέρα
2155 3010 2351 3081 pascha
2373 3010 2690 3081 nominatur.
2760 3008 2831 3063 Ut
2863 3011 2915 3061 in

579 3100 857 3167 Ancyrano
893 3096 1018 3150 Gau.
1045 3114 1124 3149 vn
1171 3093 1305 3157 ἔδοξε
1352 3096 1498 3166 μέχρι
1543 3099 1628 3161 τῆς
1676 3094 1893 3166 μεγάλης
1938 3093 2122 3166 ἡμέρας
2167 3093 2229 3157 εἰς
2265 3091 2496 3165 ἀκρόασιν
2535 3095 2782 3165 δεχθῆναι.
2853 3093 2918 3147 Et

581 3183 828 3252 quoniam
882 3182 936 3235 in
989 3181 1308 3234 illustrandis
1345 3183 1533 3235 veteris
1570 3183 1818 3235 ecclesiae
1853 3182 2042 3235 ritibus
2076 3188 2297 3234 navatur
2339 3199 2372 3233 a
2424 3181 2577 3234 nobis
2614 3197 2801 3252 opera,
2853 3180 2916 3232 de

580 3283 685 3320 uno
737 3268 965 3321 alterove
1001 3269 1246 3320 lectorem
1299 3266 1698 3320 admonebimus
1735 3268 1824 3336 qui
1867 3284 1960 3336 per
1994 3268 2236 3320 solennes
2273 3266 2536 3336 paschatis
2571 3266 2732 3320 ferias
2770 3282 2914 3319 usur·

575 3353 692 3423 pari
726 3353 982 3407 solebant.
1054 3351 1155 3415 Qui
1207 3353 1305 3404 etsi
1356 3352 1422 3405 ad
1456 3351 1806 3421 Epiphaniam
1850 3360 2085 3405 nostrum
2124 3352 2251 3405 nihil
2288 3351 2568 3405 admodum
2604 3352 2915 3422 pertineant,

576 3438 706 3491 alias
729 3443 904 3491 tamen
929 3437 1126 3491 habent
1147 3439 1587 3509 opportunitates,
1624 3438 1690 3489 ob
1715 3453 1846 3507 quas
1871 3439 2077 3490 illorum
2104 3455 2207 3491 non
2233 3436 2694 3509 praetermittenda
2716 3439 2914 3490 mentio

575 3523 795 3577 videtur.
862 3522 1095 3577 Primum
1142 3525 1305 3593 igitur
1356 3541 1448 3594 per
1484 3523 1602 3576 illos
1640 3522 1747 3575 dies
1784 3539 1816 3574 a
1852 3522 2159 3576 Christianis
2195 3523 2597 3593 imperatoribus
2634 3523 2795 3576 vincti
2831 3538 2914 3575 ca-

573 3608 804 3679 plivique
840 3626 868 3662 e
904 3625 1108 3663 carcere
1143 3610 1497 3662 mittebantur.
1568 3608 1812 3661 Monachi
1836 3607 2089 3678 Eutychis
2113 3608 2358 3661 haeretici
2383 3609 2437 3661 iu
2473 3608 2651 3661 libello
2688 3607 2915 3678 supplici

574 3693 641 3746 ad
673 3693 1141 3765 Pseudosyuodum
1177 3693 1494 3766 Ephesinam
1548 3694 1601 3746 in
1641 3694 1784 3746 Actis
1822 3693 2130 3747 Chalcedon.
2173 3693 2392 3750 Concilii
2427 3692 2491 3746 de
2528 3692 2611 3746 die
2646 3691 2913 3762 paschatis

574 3779 877 3849 loquentes,
931 3779 1041 3832 καθ’
1074 3781 1151 3846 ἢν,
1202 3781 1465 3849 inquiunt,
1517 3777 1684 3830 λύεται
1719 3777 1805 3849 μὲν
1859 3782 1961 3839 τοῖς
2009 3777 2247 3838 πλείστοις
2283 3781 2381 3830 τῶν
2416 3776 2779 3850 ἡμαρτηκότων
2817 3774 2912 3829 ἀπὸ

573 3867 675 3917 τῶν
710 3864 865 3936 ἁγίων
900 3866 1124 3936 πατέρων
1158 3862 1302 3935 ἡμῶν
1337 3862 1400 3917 τὰ
1433 3862 1673 3935 ἐπιτίμια,
1711 3862 1878 3916 λύεται
1913 3862 1966 3916 δ”.
2001 3864 2135 3934 παρὰ
2170 3867 2268 3915 τῶν
2305 3863 2665 3932 βασιλευόντων
2700 3861 2781 3916 ἐπὶ
2815 3867 2914 3915 τῶν

573 3948 899 4021 ἐγκλημάτων
943 3950 1005 4002 τὰ
1048 3950 1205 4021 δεσμὰ
1238 3954 1339 4011 τοῖς
1376 3949 1670 4011 ὑπευθύνοις.
1741 3949 1901 4003 Extat
1934 3949 2114 4002 eadem
2151 3949 2213 4002 de
2248 3966 2305 4003 re
2338 3949 2506 4020 Impp.
2540 3949 2914 4014 Valentiniani,

573 4036 808 4091 Valentis
843 4044 894 4091 et
931 4035 1169 4091 Gratiani
1205 4037 1512 4106 remiptum
1551 4054 1662 4089 em.
1699 4033 1761 4087 de
1797 4034 1998 4106 indulg.
2031 4033 2156 4088 Cod.
2180 4034 2463 4089 Theodos.:
2542 4035 2614 4088 Ob
2652 4038 2787 4089 diem
2813 4054 2913 4105 pa·

573 4121 731 4176 sebae
764 4142 905 4194 quem
939 4126 1116 4175 infimo
1152 4124 1307 4175 corde
1342 4122 1680 4183 celebramus,
1742 4120 1989 4185 omnibus,
2042 4139 2162 4189 qnos
2195 4130 2372 4173 reatus
2428 4125 2691 4190 astringit,
2727 4139 2914 4174 career

572 4210 796 4273 incita-sit,
831 4209 1063 4261 claustra
1098 4209 1428 4260 dissolvimus.
1498 4206 1663 4259 Huius
1699 4206 1851 4258 nobis
1883 4205 2372 4260 commemorandae
2396 4207 2794 4261 consuetudinis
2828 4223 2913 4261 oc-

573 4294 837 4347 casionem
891 4292 1034 4346 dedit
1066 4292 1426 4346 Themistiaua
1475 4290 1737 4360 quaedam
1793 4292 1957 4345 oratio
1970 4331 1984 4358 ,
2038 4292 2188 4362 cujus
2241 4300 2615 4363 argumentum
2660 4294 2912 4347 hacteuus

574 4378 898 4447 ignoratum,
931 4395 1029 4432 neo
1064 4394 1097 4430 a
1129 4378 1283 4432 nobis
1320 4377 1477 4430 etiam
1509 4378 1567 4430 iu
1602 4376 1891 4430 novissima
1921 4384 2104 4431 nostra
2138 4377 2363 4431 editione
2398 4379 2530 4432 satis
2566 4378 2910 4444 intellectam,

573 4462 859 4531 plurimum
892 4462 1014 4518 huic
1047 4463 1398 4517 observationi
1432 4462 1657 4518 debebit.
1723 4462 1801 4516 Ea
1822 4469 1903 4516 est
1925 4463 2061 4516 iuter
2083 4462 2467 4517 Themistianas
2493 4463 2675 4518 ordine
2709 4466 2910 4536 quinta,

574 4546 630 4599 iu
665 4563 771 4617 qua
791 4547 1070 4603 Theodosii
1105 4550 1323 4603 senioris
1360 4550 1690 4602 clementiam
1725 4547 2207 4620 humanitatemque
2242 4548 2520 4621 praedicat.
2590 4549 2763 4615 Quam
2799 4552 2909 4622 qui·

575 4630 692 4685 dem
727 4635 1017 4689 orationem
1053 4637 1209 4706 vulgo
1246 4652 1553 4706 persuasum
1589 4642 1702 4690 erat
1753 4637 1998 4691 omuibus
2050 4636 2117 4689 ad
2152 4636 2557 4691 Antiochensem
2608 4637 2758 4693 illam
2793 4654 2907 4708 pro·
