3185 5219
2527 390 2652 483 xv‘

296 598 355 637 ac
386 580 579 636 falsam
606 585 849 635 veterum
892 579 1190 650 opinionem
1220 579 1428 635 veritati
1467 579 1793 651 praetulisse.
1859 580 2033 650 Atque
2063 584 2128 634 ut
2153 594 2337 635 verum
2367 579 2547 635 Inachi
2578 586 2634 635 et

296 669 610 739 Argivorum
640 666 796 736 regni
826 666 1036 720 initium
1069 671 1305 732 eruatur,
1348 664 1504 720 huius
1549 671 1786 721 extrem
1814 670 2053 739 tempora
2082 666 2459 738 perscrutanda
2490 673 2631 733 sunt,
2659 712 2668 727 ,

296 762 449 826 atque
472 754 529 807 in
553 753 775 806 termino
799 753 972 823 aliquo
998 752 1304 822 defigendus
1328 758 1411 806 est
1431 752 1654 822 gradus,
1678 751 1817 807 unde
1839 752 1908 805 ad
1929 752 2190 806 anteriora
2203 752 2447 824 progredi
2463 755 2632 808 liceat.

296 842 439 895 Duae
475 840 616 912 apud
637 839 922 892 Eusebium
945 838 1215 908 dynastiae
1246 839 1301 892 in
1335 838 1569 892 eiusdem
1600 837 1978 909 propemodum
2007 839 2156 909 regni
2185 841 2513 894 successione
2540 858 2631 912 po·

295 934 514 984 nuntur:
542 926 858 995 Argivorum
880 941 987 978 una
1009 924 1241 995 Regum,
1262 925 1671 995 Mycenaeorum
1694 925 1875 980 altera.
1928 924 2240 995 Argivorum
2263 943 2451 996 regum
2473 928 2631 981 series

296 1015 363 1069 ab
383 1012 581 1068 inacho
614 1016 799 1082 coepta
820 1011 887 1064 ad
909 1010 1167 1065 Acrisium
1190 1026 1358 1081 usque
1387 1011 1641 1082 perducta
1672 1014 1778 1076 est,
1808 1025 2111 1081 quanquam
2133 1010 2312 1067 Inachi
2334 1014 2548 1084 stirpem
2571 1029 2632 1067 ac

295 1101 553 1157 familiam
584 1098 867 1153 Sthenelus
894 1097 1116 1152 claudit:
1152 1114 1259 1167 quo
1291 1102 1525 1161 mortuo,
1557 1097 1616 1150 in
1639 1096 1882 1150 Danaum
1912 1098 2249 1167 peregrinum
2283 1103 2439 1169 atque
2462 1101 2634 1169 Aegy-

297 1188 465 1259 ptium
488 1187 574 1239 ius
597 1190 679 1237 est
700 1185 768 1237 ab
790 1184 998 1255 Argivis
1021 1184 1224 1254 imperii
1244 1183 1571 1239 translatum.
1610 1182 1868 1253 Deinceps
1891 1199 1925 1235 a
1943 1181 2124 1237 Danao
2148 1184 2217 1237 ad
2237 1185 2495 1239 Acrisium
2516 1202 2635 1257 pro-

296 1280 493 1345 pagata
526 1271 792 1325 successio
827 1276 926 1324 est.
989 1269 1157 1333 Quem
1186 1286 1307 1322 cum
1335 1269 1557 1322 Perseus
1587 1285 1756 1339 nepos
1787 1284 1880 1339 per
1909 1268 2310 1340 imprudentiam
2346 1271 2635 1337 occidisset,

295 1361 548 1431 Mycenas
582 1373 697 1410 sese
732 1354 979 1421 contulit,
1014 1355 1104 1409 ubi
1126 1357 1211 1409 vel
1243 1355 1309 1409 ab
1342 1355 1458 1426 ipso
1480 1355 1566 1408 vel
1600 1354 1669 1408 ab
1702 1354 1816 1407 eius
1850 1354 1961 1408 filio
1995 1354 2242 1409 Sthenelo
2277 1357 2637 1413 continuatum

298 1452 378 1500 est
410 1445 729 1514 Argivorum
762 1457 986 1512 regnum
1021 1448 1075 1495 et
1105 1442 1453 1511 Mycenaeum
1493 1440 1831 1511 appellatum.
1902 1438 2129 1494 Ultimus
2172 1456 2357 1512 regum
2396 1443 2636 1509 istorum,

299 1532 445 1586 cuius
469 1529 681 1600 quidem
702 1528 957 1582 rationem
978 1526 1235 1581 Eusebius
1257 1526 1472 1593 habeat,
1503 1527 1872 1595 Agamemnon
1892 1525 2018 1581 fuit:
2052 1543 2155 1597 quo
2187 1528 2498 1598 interempto
2521 1530 2637 1598 My-

299 1632 608 1672 cenaeorum
630 1630 856 1684 regnum
878 1614 932 1667 in
957 1614 1184 1667 secundo
1209 1613 1462 1666 Chronico
1484 1613 1796 1666 terminatur
1822 1628 1962 1666 anno
1995 1612 2202 1678 eodem,
2235 1629 2339 1683 quo
2375 1612 2639 1667 excidium

299 1703 587 1758 Troianum
620 1700 824 1753 accidit.
894 1700 1023 1754 Vide
1054 1699 1370 1754 Pausaniam
1405 1697 1767 1753 Corinthiacis.
1833 1698 1946 1752 Iam
1980 1698 2296 1768 Argivorum
2328 1699 2638 1769 Mycenaeo·

302 1805 519 1859 rumque
543 1802 731 1858 regum
755 1787 1014 1839 successio
1039 1787 1292 1856 annique,
1324 1785 1515 1855 quibus
1551 1786 1896 1855 imperarunt,
1920 1785 2063 1837 varie
2086 1785 2154 1839 ab
2177 1785 2404 1838 Eusebio
2428 1784 2637 1838 tradun-

304 1876 465 1929 turin
490 1880 711 1943 utroque
724 1871 968 1927 Chronic.
987 1871 1076 1925 lib.
1090 1871 1172 1924 20.
1207 1871 1341 1925 Nam
1364 1872 1419 1924 in
1444 1870 1729 1942 posteriore
1752 1869 1819 1923 ab
1843 1869 2059 1924 exordio
2083 1868 2260 1923 Inachi
2279 1870 2639 1925 adTroianum

306 1960 490 2014 ἅλωσιν
525 1961 651 2013 anni
685 1964 1022 2012 numerantur
1057 1956 1181 2023 675,
1214 1957 1272 2010 in
1303 1957 1464 2028 priori
1495 1956 1613 2010 655.
1665 1956 1966 2010 Secundum
1997 1956 2299 2027 posterioris
2332 1956 2450 2010 libri
2483 1957 2638 2011 ratio-

307 2048 444 2101 cinia
458 2088 473 2111 ,
498 2060 654 2117 quem
676 2045 952 2116 praecipue
976 2044 1261 2114 sequimur,
1285 2058 1406 2097 cum
1421 2043 1708 2114 TroianJim
1726 2041 1990 2096 excidium
2007 2047 2264 2112 congruat
2286 2060 2424 2097 anno
2442 2041 2640 2113 periodi

305 2135 397 2189 Iul.
421 2133 602 2199 3530„
648 2131 833 2186 mundi
855 2130 1034 2196 2800„
1076 2129 1300 2183 Inachus
1334 2145 1472 2183 anno
1508 2135 1630 2183 ante
1664 2128 1802 2183 hunc
1835 2129 2219 2183 sexcentesimo
2253 2130 2639 2200 septuagesimo

307 2228 491 2293 quarto
516 2219 690 2291 coepit
708 2217 905 2289 periodi
927 2217 1024 2273 Iul.
1045 2214 1222 2282 2856„
1256 2217 1440 2270 mundi
1463 2216 1623 2269 2126:
1657 2222 1778 2287 post
1800 2215 2053 2270 diluvium
2072 2216 2218 2282 471„
2252 2221 2373 2286 post
2394 2215 2642 2269 Abraami

307 2315 478 2364 ortum
508 2308 621 2363 179.
682 2306 915 2375 Cumque
950 2303 1213 2358 israelitae
1244 2319 1384 2358 anno
1416 2321 1527 2375 per.
1561 2303 1656 2357 Iul.
1680 2302 1860 2369 3183„
1891 2303 2077 2357 mundi
2099 2302 2273 2369 2453„
2309 2319 2378 2356 ex
2400 2305 2640 2379 Aegypto

306 2395 671 2465 migraverint,
694 2390 872 2446 Inachi
890 2391 1229 2463 primordium
1246 2391 1447 2461 Moysis
1462 2391 1815 2462 principatum
1832 2389 2091 2444 antecedit
2113 2390 2266 2444 annis
2283 2390 2392 2444 fere
2411 2405 2639 2445 cccxxv.

307 2482 531 2536 Tantum
564 2484 803 2534 veterum
844 2479 1156 2550 scriptorum
1198 2482 1252 2531 et
1282 2476 1560 2550 Epiphanii
1594 2476 1935 2549 chronologia
1973 2492 2008 2530 a
2039 2476 2177 2532 veris
2220 2482 2514 2548 temporum
2559 2493 2641 2531 ra·

309 2568 536 2624 tionibus
573 2567 792 2621 aberrat.

441 2648 517 2708 Ου
545 2650 759 2724 θυγάτηρ
784 2647 916 2723 ”.1ω]
967 2650 1110 2706 Haec
1132 2667 1200 2707 ex
1222 2650 1434 2706 Eusebii
1458 2649 1727 2706 Chronicis
1750 2614 2064 2723 interpolata
2093 2656 2234 2706 sunt.
2283 2650 2542 2707 Eusebius
2574 2651 2641 2705 ad

310 2758 506 2796 annum
530 2757 635 2794 cnx
670 2738 799 2792 haec
834 2737 1389 2809 notat21naclufilta
1423 2738 1510 2803 Io,
1546 2756 1695 2807 quam
1721 2739 1968 2808 Aeqyptr'i
2000 2747 2188 2791 mutato
2223 2742 2417 2791 rtomine
2450 2739 2643 2791 Isidem

312 2831 489 2883 colunt.
543 2828 593 2878 A
625 2833 778 2896 patre
810 2824 1009 2877 Inacho
1043 2825 1274 2876 Inachus
1281 2826 1476 2895 flamus
1506 2826 1652 2894 apud
1673 2825 1870 2891 Argos,
1896 2843 1931 2876 a
1942 2825 2066 2893 filia
2090 2824 2214 2876 Ione
2239 2823 2498 2894 Bosporus
2518 2843 2642 2876 nun-

312 2922 544 2985 cupatur.
591 2912 663 2966 At
684 2927 823 2965 anno
848 2925 1184 2966 ccccnxxxre
1217 2910 1304 2974 Io,
1337 2909 1533 2980 inquit,
1569 2910 1850 2980 Iass’filiae
1872 2910 2075 2979 Iupiter
2104 2913 2289 2962 mixtus
2321 2919 2416 2974 est,
2453 2929 2555 2980 qna
2586 2914 2644 2964 in

310 3001 504 3064 bovem,
527 3009 585 3052 ut
606 2999 812 3062 dicitur,
834 3015 1010 3062 versa,
1037 2997 1297 3067 Bosporus
1321 2997 1613 3066 appellatus
1635 3003 1732 3060 esn-
1758 3005 1806 3049 et
1824 2997 2093 3048 secundum
2115 2997 2375 3048 nonnullos
2394 3000 2451 3048 in
2471 2997 2643 3065 Aeqyz

304 3095 443 3157 ptum
460 3089 704 3156 profecta
728 3084 833 3136 Isia
854 3092 1166 3154 nuncupata.
1217 3082 1281 3137 In
1313 3080 1552 3147 Graecia,
1584 3097 1720 3152 quae
1752 3098 1820 3134 ex
1856 3080 2086 3151 Georgio
2116 3081 2380 3137 Monacho
2409 3081 2644 3153 Scaliger

311 3171 666 3236 concinnavit,
689 3187 782 3241 pro
805 3169 911 3223 Iasi
932 3170 1183 3241 scriptum
1206 3173 1287 3222 est
1308 3165 1522 3240 Ἰνάχου.
1558 3168 1744 3238 ltaque
1767 3167 1897 3221 duas
1920 3167 2155 3224 eiusdem
2175 3168 2404 3222 nominis
2428 3176 2646 3241 apparet

308 3257 486 3312 fuisse.
532 3256 611 3310 De
644 3256 816 3327 priore
849 3255 1078 3326 loquitur
1110 3253 1446 3327 Epiphanius.
1493 3254 1601 3308 Sed
1621 3253 1720 3307 hoc
1745 3254 1809 3308 de
1839 3272 1936 3308 suo
1967 3271 2245 3326 perpetum
2277 3254 2487 3321 adiecit,
2520 3272 2642 3309 ean-

311 3343 427 3397 dem
450 3341 717 3397 Atthidem
747 3341 1087 3395 nominatam.
1146 3341 1277 3394 Nam
1300 3340 1556 3395 Eusebius
1590 3357 1729 3394 anno
1753 3357 1867 3395 1011
1899 3338 2091 3394 Cranai
2120 3340 2335 3394 secundi
2363 3340 2643 3396 Athenien-

308 3431 450 3484 sium
481 3429 624 3498 regis
657 3427 824 3481 filiam
857 3426 1119 3481 Atthidem
1153 3427 1390 3481 extitisse
1425 3426 1633 3496 scribit,
1669 3441 1703 3479 a
1736 3441 1841 3497 qua
1865 3426 2042 3480 Attica
2074 3441 2369 3498 cognomen
2403 3428 2644 3494 obtinuit,

311 3532 433 3570 cum
455 3515 706 3570 hactenus
731 3515 861 3567 Acta
883 3518 1170 3567 vocaretur.

448 3599 540 3653 Καὶ
563 3599 715 3652 αὐτοῦ
739 3603 827 3651 τοῦ
850 3596 1063 3669 Ἰνάχου,
1087 3594 1333 3670 Ἄπιδος]
1385 3599 1613 3654 Multum
1645 3598 1942 3669 discrepant
1973 3596 2197 3652 Inachus
2231 3602 2286 3652 et
2308 3597 2454 3670 Apis.
2507 3599 2644 3654 Nam

312 3686 396 3741 hic
431 3687 498 3740 ab
532 3686 621 3740 illo
656 3685 838 3740 tertius
873 3690 955 3738 est
984 3685 1042 3739 in
1075 3684 1390 3756 Argivorum
1422 3701 1611 3757 regum
1644 3684 1777 3738 serie
1791 3722 1806 3749 ,
1849 3699 2010 3755 quare
2042 3683 2361 3755 imprudenti
2390 3685 2490 3740 hoc
2522 3686 2645 3757 Epi·

311 3773 504 3845 phanio
537 3771 747 3826 excidit.

448 3857 542 3910 Kal
564 3856 628 3918 εἰς
653 3855 852 3927 αἱρέσεις
886 3855 1225 3925 coordinat]
1297 3856 1425 3922 Quis
1460 3855 1558 3911 hoc
1592 3861 1796 3927 praeter
1826 3855 2175 3928 Epiphaniam
2207 3856 2364 3921 dixit,
2397 3855 2647 3926 mysteria

313 3945 429 4010 illa,
474 3959 611 4015 quae
644 3943 713 3996 ab
748 3941 979 4014 Orpheo,
1022 3944 1340 4014 caeterisque
1371 3941 1604 3998 Athenas
1639 3942 1919 4012 importata
1951 3942 2180 4008 fuerant,
2214 3940 2644 4014 philosophorum

315 4035 483 4084 sectas
505 4045 568 4082 ac
590 4028 841 4098 dogmata
860 4033 1215 4100 propagasse?
1258 4029 1415 4083 Plane
1438 4027 1537 4082 hoc
1558 4027 1852 4082 inauditum
1875 4043 1937 4082 ac
1959 4029 2177 4082 mirum.
2201 4043 2398 4099 neque,
2421 4032 2483 4080 ut
2504 4027 2645 4159 quod

315 4133 398 4169 res
421 4119 502 4169 est
522 4114 705 4180 fatear,
729 4114 955 4188 speciem
976 4114 1140 4168 ullam
1164 4114 1541 4185 probabilitatis
1564 4113 1812 4167 continet.

449 4198 587 4262 Ἕως
612 4202 710 4252 τῶν
734 4199 1081 4253 Μακεδονικῶν
1105 4201 1344 4271 χρόνων.]
1394 4199 1604 4270 Susque
1639 4200 1804 4270 deque
1837 4198 2024 4253 miscet
2054 4214 2116 4252 ac
2151 4198 2421 4270 perturbat
2453 4200 2644 4265 omnia,

317 4304 423 4342 non
454 4288 628 4341 minus
661 4292 958 4357 temporum
999 4303 1158 4357 quam
1188 4285 1419 4340 veritatis
1460 4291 1514 4339 et
1550 4285 1798 4339 historiae
1843 4301 2073 4339 securus.
2140 4282 2275 4337 Nam
2308 4283 2646 4340 Macedonica

318 4379 581 4445 tempora,
614 4373 802 4443 quibus
824 4372 1101 4443 imperium
1123 4371 1262 4426 istud
1283 4369 1483 4436 floruit,
1516 4386 1549 4424 a
1570 4370 1766 4426 Xerxis
1790 4376 1960 4424 aetate
1983 4369 2203 4423 nimium
2227 4369 2445 4437 distant,
2479 4372 2644 4427 multo

318 4461 486 4530 magis
511 4472 544 4512 a
564 4457 1088 4514 Nabuchodonosore.
1140 4457 1208 4511 Et
1235 4463 1411 4512 tamen
1444 4457 1510 4510 ad
1541 4457 1635 4510 illa
1656 4463 1892 4528 tempora
1913 4447 2171 4509 sectarum
2193 4455 2452 4529 principes
2472 4456 2645 4513 Philo-

322 4545 511 4616 sophos
533 4544 771 4598 extitisse
795 4544 960 4598 docet.
999 4545 1138 4597 Haec
1159 4549 1281 4597 sunt
1302 4543 1695 4597 inextricabilia.

454 4628 666 4682 Πλάτων
690 4625 785 4700 γὰρ
807 4630 917 4681 κατ’
940 4625 1120 4682 ἐκεῖνον
1143 4628 1228 4681 τὸν
1251 4630 1460 4699 καιρόν]
1507 4629 1670 4692 Toto,
1703 4627 1897 4699 inquit,
1932 4626 2023 4681 illo
2058 4628 2224 4698 spatio
2258 4628 2402 4683 Plato
2439 4634 2494 4682 et
2524 4633 2645 4682 ante

323 4714 457 4771 hunc
479 4715 828 4788 Pythagoras,
860 4732 924 4769 ac
955 4719 1077 4787 post
1103 4715 1254 4770 illum
1284 4714 1540 4786 Epicurus
1574 4714 1801 4770 emersit.
1853 4713 2119 4770 Xerxisne
2150 4729 2215 4768 ac
2235 4712 2643 4771 Nabuchodono—
2751 4737 2774 4762 s
