3185 5219
630 365 797 422 CXVI
825 383 829 388 ·

627 540 847 592 unquam
872 539 1112 577 cessasse.
1184 521 1298 586 Quo
1330 519 1460 576 nihil
1488 537 1611 576 cum
1643 522 1711 576 ab
1733 521 2010 594 Epiphanii
2042 539 2226 590 sensu,
2261 529 2374 578 tum
2409 539 2444 577 a
2463 524 2682 579 veritate
2714 525 2836 597 ipsa
2870 525 2969 581 dici

629 608 849 661 alienius
872 613 1059 679 potest.
1105 607 1256 661 Anno
1279 605 1436 660 Urbis
1460 606 1604 673 691„
1630 606 1878 663 Cicerone
1902 615 1955 662 et
1972 610 2198 664 Antonio
2222 625 2359 665 coss.
2375 650 2389 675 ,
2411 610 2640 681 primum
2662 627 2695 664 a
2716 610 2966 682 Pompeio

628 695 883 747 tributum
915 692 1118 746 Iudaeis
1151 693 1459 764 impositum
1493 698 1600 759 est,
1643 710 1678 748 a
1718 710 1820 764 quo
1863 701 2096 765 tempore
2131 694 2199 748 ad
2232 696 2490 766 Antipatri
2527 697 2968 767 procurationem,

629 794 764 849 quae
787 794 926 832 anno
951 778 1067 833 707.
1094 779 1288 850 coepit,
1313 779 1437 832 anni
1460 785 1585 832 sunt
1606 797 1713 834 non
1736 780 1913 850 plures
1936 798 2067 846 xvn,
2093 780 2286 834 nedum
2306 797 2498 835 novem
2520 787 2574 835 et
2593 782 2803 851 viginti.
2867 783 2967 836 He-

628 864 752 918 rode
784 865 994 935 quidem
1028 880 1201 918 rerum
1234 864 1467 935 potiente
1496 865 1750 920 tributum
1774 867 1941 919 ullum
1963 866 2151 920 saltem
2175 866 2494 920 ordinarium
2525 874 2774 921 exactum
2804 867 2970 922 fuisse

626 965 796 1020 neque
814 966 996 1004 verum
1020 950 1257 1016 arbitror,
1280 967 1375 1003 nec
1398 950 1511 1004 eius
1533 952 1855 1005 mentionem
1871 953 1956 1005 vel
1978 952 2131 1005 litera
2153 968 2257 1006 una
2272 951 2440 1005 Lucas
2458 953 2645 1022 attigit.
2681 952 2802 1006 Non
2826 954 2970 1008 enim

626 1033 998 1105 ἀπογράφεσθαι
1015 1036 1156 1089 idem
1172 1036 1312 1089 valet
1328 1051 1391 1089 ac
1408 1052 1626 1089 censum
1642 1038 1726 1091 vel
1742 1037 1994 1091 tributum
2015 1037 2232 1103 solvere,
2256 1043 2361 1102 aut,
2385 1037 2432 1091 si
2453 1037 2594 1090 istud
2609 1038 2788 1109 ipsum
2804 1039 2969 1110 signi·

622 1121 825 1188 flaret,
858 1121 1037 1175 statim
1070 1120 1132 1174 de
1163 1120 1423 1176 ordinaria
1444 1122 1792 1193 pensitatione
1813 1123 1988 1193 potius
2012 1123 2414 1193 intelligendum
2433 1122 2694 1177 videretur
2715 1137 2883 1194 quam
2905 1124 2971 1178 ad

625 1207 1092 1261 extraordinariam
1114 1206 1458 1262 referendum.
1507 1207 1614 1262 Sed
1635 1224 1733 1262 nec
1754 1208 1883 1262 illud
1903 1209 2069 1279 probo
2082 1248 2096 1274 ‚
2125 1208 2265 1279 quod
2287 1208 2481 1262 ibidem
2503 1208 2815 1280 disputatur,
2850 1227 2969 1281 pro·

621 1299 802 1363 pterea
822 1293 1046 1363 primam
1076 1292 1224 1346 illam
1254 1308 1289 1345 a
1311 1291 1524 1357 Quirino
1556 1294 1856 1348 censionem
1886 1295 2182 1348 institutam
2217 1294 2342 1360 dici,
2379 1294 2517 1365 quod
2548 1295 2788 1349 Romano
2821 1312 2970 1350 more

622 1380 804 1448 quinto
824 1394 1032 1448 quoque
1050 1392 1190 1431 anno
1210 1394 1397 1432 census
1413 1376 1708 1433 haberetur.
1742 1379 1879 1433 Nam
1902 1396 1997 1434 nec
2019 1379 2149 1434 illud
2165 1386 2418 1452 perpetuo
2440 1382 2624 1447 tenuit,
2649 1387 2708 1433 ut
2731 1381 2968 1452 quinque

622 1465 775 1518 annis
810 1464 1131 1518 vertentibus
1163 1480 1353 1517 census
1387 1469 1645 1534 ageretur,
1680 1470 1734 1518 et
1767 1466 1925 1519 aliam
1960 1481 2204 1519 caussam
2235 1482 2350 1519 esse
2381 1466 2720 1520 manifestum
2754 1475 2864 1532 est,
2901 1467 2967 1519 ob

623 1567 783 1621 quam
803 1551 974 1620 prima
994 1548 1125 1603 haec
1148 1550 1217 1603 sit
1238 1550 1498 1620 appellata
1520 1550 1821 1621 descriptio,
1843 1551 2085 1605 videlicet
2116 1551 2254 1622 quod
2288 1552 2451 1606 altera
2483 1557 2605 1622 post
2618 1551 2867 1606 Archelai
2885 1568 2967 1605 re-

620 1636 941 1706 legationem
962 1635 1134 1689 eidem
1160 1634 1374 1699 Quirino
1398 1635 1646 1690 mandata
1667 1636 1838 1692 fuerit.
1884 1636 1963 1690 De
1999 1653 2102 1707 qua
2132 1653 2190 1692 re
2211 1636 2330 1691 vide
2354 1653 2488 1708 quae
2510 1635 2765 1691 Dekerius
2787 1643 2970 1691 noster

622 1728 677 1774 et
695 1721 950 1793 Keplerus
983 1721 1180 1775 erudite
1210 1722 1547 1774 commentati
1576 1727 1718 1776 sunt.
1765 1720 1950 1793 Neque
1981 1723 2124 1776 enim
2158 1723 2419 1777 censionis
2448 1721 2605 1777 huius
2637 1722 2968 1794 Epiphanius

622 1807 884 1872 meminit,
907 1811 967 1859 ut
989 1821 1107 1858 eam
1128 1806 1283 1859 nobis
1307 1808 1667 1877 quaestionem
1691 1808 1954 1878 explicare
1977 1824 2192 1861 necesse
2215 1809 2299 1862 sit.

756 1893 927 1963 Atque
960 1897 1021 1945 ut
1052 1890 1188 1946 hanc
1223 1891 1286 1945 de
1318 1892 1538 1946 Herodis
1573 1893 1725 1946 annis
1760 1892 2167 1963 disputationem
2206 1893 2489 1964 aliquando
2528 1893 2867 1959 concludam,
2903 1894 2966 1960 si,

623 1978 762 2048 quod
796 1977 1087 2048 Epiphanio
1124 1979 1318 2048 placet,
1353 1996 1467 2032 vm.
1494 1977 1567 2031 Id.
1594 1979 1725 2045 Ian„
1763 1995 1866 2049 quo
1900 1980 1982 2032 die
2005 1985 2159 2033 natus
2183 1985 2267 2032 est
2289 1978 2548 2045 Christus,
2583 1997 2725 2034 anno
2756 1980 2966 2033 Iuliano

622 2082 765 2119 xuv.
779 2104 794 2130 ‚
825 2063 1056 2117 Herodes
1092 2080 1291 2117 annum
1314 2065 1507 2135 agebat
1526 2064 1734 2135 imperii
1757 2082 1970 2131 xum„
2006 2065 2120 2119 eius
2143 2065 2354 2118 initium
2375 2065 2432 2119 in
2453 2065 2715 2119 Iulianum
2740 2084 2816 2121 ιι.
2841 2082 2967 2120 con·

620 2149 789 2215 venit,
822 2149 1031 2202 biennio
1054 2148 1250 2203 tardius
1275 2166 1436 2220 quam
1456 2147 1677 2203 historia
1697 2150 1953 2221 postulat,
1988 2166 2124 2220 quae
2157 2151 2381 2204 alterum
2402 2151 2621 2204 Herodis
2645 2151 2859 2204 initium
2881 2152 2964 2205 Iu-

500 2263 511 2274 ‹
620 2235 761 2287 liano
784 2252 858 2289 ιι.
882 2233 1135 2288 accidisse
1168 2234 1469 2300 confirmat,
1504 2249 1539 2286 a
1573 2251 1676 2305 quo
1710 2251 1833 2289 cum
1864 2236 2117 2306 Iosephus
2141 2253 2306 2290 xxxiv
2329 2235 2587 2290 duntaxat
2607 2253 2776 2291 annos
2799 2238 2965 2292 Hero·

419 2349 463 2390 p-
483 2340 569 2382 1³0.

621 2319 741 2372 dem
760 2320 955 2374 vixisse
979 2326 1177 2386 narret,
1199 2318 1521 2391 Epiphanius
1544 2321 1676 2375 libro
1695 2340 1732 2376 1.
1753 2339 1811 2376 11.
1835 2328 2034 2391 septem
2059 2327 2112 2375 et
2133 2322 2350 2393 triginta
2366 2321 2598 2388 deducit,
2622 2324 2817 2392 quibus
2839 2324 2964 2376 totis

619 2422 870 2476 regnasse
894 2411 1015 2475 post
1036 2407 1263 2477 primum
1288 2405 1551 2459 decretum
1575 2405 1776 2471 dicitur,
1811 2422 1933 2460 cum
1964 2406 2150 2461 horum
2183 2408 2497 2479 principium
2526 2425 2558 2461 a
2579 2408 2783 2462 Iuliano
2807 2414 2962 2462 sexto

621 2493 785 2563 repeti
809 2492 1010 2546 debeat.
1061 2490 1316 2555 Quocirca
1341 2497 1565 2545 mortem
1586 2491 1805 2545 Herodis
1829 2492 2031 2546 confert
2053 2493 2107 2546 in
2131 2509 2328 2546 annum
2350 2493 2610 2548 Iulianum
2634 2511 2816 2559 nvn„
2843 2510 2964 2548 cum

621 2578 866 2632 dominus
891 2582 1134 2648 quartum
1156 2577 1262 2631 iam
1287 2593 1485 2632 annum
1507 2578 1697 2632 aetatis
1721 2578 1999 2649 attigisset.
2036 2577 2142 2633 Sed
2164 2579 2211 2633 si
2226 2594 2351 2633 vera
2373 2584 2524 2645 sunt,
2548 2595 2684 2649 quae
2704 2578 2962 2651 Iosephus

622 2664 686 2717 de
708 2664 911 2718 Herode
935 2664 1260 2734 perscripsit,
1285 2679 1501 2718 necesse
1525 2669 1606 2717 est
1628 2669 1688 2717 ut
1708 2664 1908 2718 Iuliano
1933 2682 2063 2719 un.
2092 2664 2394 2730 decesserit3
2427 2665 2565 2718 unde
2587 2670 2639 2718 et
2661 2666 2879 2731 natalis,
2901 2673 2962 2720 ut

619 2750 875 2816 diximus,
900 2750 1097 2805 domini
1119 2755 1344 2819 quatuor
1362 2751 1444 2803 vel
1469 2750 1700 2820 quinque
1722 2750 1876 2804 annis
1900 2749 2299 2803 antevertendus
2322 2749 2433 2804 erit.
2469 2749 2614 2814 Quae
2633 2751 2848 2821 quidem
2865 2769 2959 2806 nos

617 2836 853 2889 nondum
876 2852 943 2888 ex
968 2836 1213 2906 opinione
1235 2843 1419 2890 nostra
1441 2836 1752 2902 constituta,
1789 2835 1880 2889 sed
1914 2852 1980 2888 ex
2005 2834 2214 2906 Iosephi
2235 2840 2411 2889 mente
2435 2841 2590 2906 atque
2612 2835 2835 2891 historia
2857 2838 2960 2891 col·

617 2923 753 2975 lecta
772 2920 954 2975 haberi
976 2938 1008 2974 a
1029 2922 1308 2975 lectoribus
1333 2920 1663 2992 expendique
1683 2922 1945 2975 volumus.
1989 2920 2244 2992 Superest
2266 2926 2326 2975 ut
2348 2921 2415 2975 de
2437 2923 2665 2992 Augusti
2687 2939 2846 2989 anno,
2869 2924 2959 2993 qui

618 3014 700 3060 est
722 3007 857 3060 alius
879 3006 1070 3061 natalis
1095 3007 1343 3060 dominici
1365 3005 1631 3060 character
1653 3007 1720 3060 ab
1744 3005 2036 3077 Epiphanio
2062 3007 2250 3060 allatus
2263 3047 2277 3073 ‚
2300 3008 2664 3079 perstringam.

1004 3159 1231 3224 QUOTO
1267 3159 1567 3214 AUGUSTI
1600 3159 1787 3214 ANNO
1822 3160 2048 3215 NATUS
2081 3160 2190 3215 81¹1*
2225 3160 2574 3217 CHRISTUS.

755 3264 906 3316 Anno
940 3263 1274 3334 Imperatoris
1309 3264 1536 3333 Augusti
1570 3281 1700 3318 ιιιι.
1734 3268 1921 3317 natum
1964 3280 2081 3318 esse
2114 3263 2378 3319 Christum
2412 3269 2587 3319 censet
2616 3264 2958 3337 Epiphanius,

621 3364 778 3417 quem
813 3364 1011 3403 annum
1045 3364 1112 3401 ex
1149 3365 1253 3418 quo
1285 3348 1462 3402 Iudaei
1492 3348 1732 3402 Romano
1763 3349 1982 3420 imperio
2017 3350 2281 3403 subiuncti
2313 3356 2438 3404 sunt
2460 3368 2605 3405 xxxx.
2630 3351 2797 3405 fuisse
2821 3353 2959 3407 dicit.

618 3433 742 3487 Tria
762 3434 1094 3504 potissimum
1118 3435 1344 3503 Augusti
1369 3434 1760 3488 constituuntur
1779 3436 1947 3488 initia.
1993 3434 2225 3488 Primum
2255 3436 2324 3489 ab
2356 3436 2471 3506 ipso
2500 3452 2640 3490 anno
2666 3454 2769 3507 quo
2792 3437 2957 3492 Iulius

619 3518 812 3573 Caesar
833 3519 1138 3572 interfectus
1162 3525 1263 3585 est,
1289 3520 1380 3590 qui
1404 3525 1483 3573 est
1504 3519 1661 3573 Urbis
1679 3520 1814 3586 710„
1837 3520 2070 3574 Iulianus
2095 3521 2142 3575 2.
2190 3520 2425 3574 Alterum
2447 3522 2514 3575 ab
2539 3538 2676 3575 anno
2700 3525 2960 3594 sequenti,

617 3604 771 3659 Urbis
797 3603 914 3658 711.
961 3605 1195 3658 Tertium
1218 3606 1285 3658 ab
1308 3606 1523 3658 Actiaca
1544 3605 1788 3671 victoria,
1823 3607 1934 3659 sive
1959 3622 1993 3658 a
2014 3605 2062 3661 2.
2082 3605 2227 3676 Sept.
2251 3621 2389 3659 anno
2413 3605 2567 3660 Urbis
2587 3606 2729 3675 723„
2762 3616 2826 3662 ut
2859 3609 2957 3663 Dio

618 3696 837 3743 testatur
868 3690 925 3744 in
948 3691 1163 3744 exordio
1187 3691 1275 3744 lib.
1295 3710 1366 3746 ι,ι.
1413 3692 1547 3745 Hinc
1584 3690 1820 3745 diversus
1854 3690 1922 3744 ad
1957 3689 2148 3744 Christi
2179 3692 2406 3745 natalem
2439 3708 2695 3746 annorum
2726 3696 2960 3764 Augusti

616 3792 867 3829 numerus
891 3777 1152 3830 statuitur.
1200 3776 1303 3830 Sed
1326 3777 1485 3847 vulgo
1511 3794 1640 3832 xur.
1665 3777 1777 3830 eius
1803 3794 1940 3830 anno
1966 3781 2150 3830 natum
2174 3792 2291 3831 esse
2318 3782 2495 3847 patres
2529 3777 2824 3847 affirmant,
2855 3780 2956 3834 Eu·

618 3863 820 3915 sebium
844 3863 1038 3930 secuti,
1073 3862 1163 3932 qui
1185 3862 1414 3933 idipsum
1435 3862 1635 3917 Eccles.
1656 3862 1788 3916 Hist.
1813 3862 1902 3915 lib.
1921 3881 1957 3915 1.
1983 3877 2095 3932 cap.
2115 3880 2213 3928 v1.‚
2245 3866 2300 3915 et
2320 3862 2375 3915 in
2400 3861 2694 3929 chronicis,
2729 3867 2955 3937 scripsit.

618 3947 767 4012 Quod
789 3953 968 4000 autem
1001 3947 1217 4000 annales
1249 3948 1589 4001 ecclesiastici
1621 3947 1857 4013 tradunt,
1893 3964 1982 4000 eos
2017 3947 2107 4016 qui
2138 3948 2193 4002 in
2229 3963 2427 4001 annum
2451 3949 2676 4019 Aug-usti
2696 3968 2831 4006 nn.
2864 3968 2955 4005 na·

614 4034 775 4086 talem
816 4030 1006 4086 Christi
1037 4033 1313 4087 conferunt
1353 4033 1421 4086 ab
1453 4035 1566 4103 ipso
1603 4050 1740 4087 anno
1774 4049 1875 4103 quo
1909 4031 2073 4086 Iulius
2103 4030 2295 4086 Caesar
2325 4033 2627 4087 interfectus
2657 4040 2741 4089 est
2784 4052 2954 4090 annos

615 4118 866 4184 exordiri,
903 4118 1060 4171 simul
1095 4118 1236 4188 quod
1267 4118 1597 4171 librariorum
1633 4119 1787 4188 culpa
1819 4118 2019 4171 factum
2052 4123 2264 4188 putant,
2299 4125 2360 4172 ut
2392 4136 2513 4173 cum
2545 4120 2806 4175 Eusebius
2839 4123 2954 4193 ipso

612 4221 752 4257 anno
776 4204 1010 4257 Iulianae
1033 4205 1177 4257 necis
1191 4244 1204 4268 ‚
1230 4204 1319 4273 qui
1343 4209 1425 4255 est
1446 4201 1919 4273 Olymp.c1.xn1v.
1945 4203 2169 4274 primus,
2193 4204 2420 4275 Augusti
2440 4207 2706 4276 posuisset
2725 4206 2953 4272 initium,

615 4290 668 4340 id
690 4290 743 4341 in
776 4296 1081 4360 sequentem
1114 4288 1428 4342 translatum
1458 4287 1639 4352 fuerit,
1673 4287 2109 4358 quemadmodum
2143 4295 2195 4341 et
2227 4291 2417 4344 natalis
2442 4290 2633 4345 Christi
2660 4293 2718 4345 in
2751 4308 2953 4347 annum

615 4375 826 4429 tertium
851 4375 1056 4446 Olymp.
1078 4390 1282 4439 exem,
1307 4389 1428 4427 cum
1451 4372 1682 4426 secundo
1707 4391 1775 4426 ex
1797 4379 1972 4426 mente
1995 4373 2206 4428 Eusebii
2228 4381 2505 4446 competat.
2545 4376 2801 4431 Neutrum
2823 4378 2951 4432 mihi

617 4459 827 4529 quidem
848 4462 1113 4530 probatur.
1158 4458 1418 4530 Imprimis
1444 4459 1585 4512 enim
1609 4458 1747 4530 apud
1768 4458 2054 4511 Eusebium
2075 4459 2133 4513 in
2156 4461 2425 4515 edititione
2442 4460 2660 4516 Pontaci
2677 4462 2951 4518 Octaviani

613 4545 822 4598 initium
854 4546 1101 4615 alligatur
1135 4562 1272 4598 anno
1309 4561 1342 4599 a
1371 4544 1610 4598 Caesaris
1641 4560 1769 4597 nece
1803 4544 2071 4614 proximo,
2107 4545 2432 4617 Olympiadis
2468 4548 2722 4615 secundo,
2755 4551 2946 4603 natalis

612 4646 735 4686 vero
760 4630 951 4689 Christi
975 4646 1113 4683 anno
1137 4631 1288 4684 tertio
1313 4630 1520 4701 Olymp.
1542 4644 1719 4685 cxcrv.
1733 4667 1747 4696 ‚
1778 4628 1918 4701 quod
1941 4636 1996 4685 et
2013 4630 2273 4687 Pontacus
2296 4633 2410 4704 ipse
2431 4633 2513 4688 vir
2534 4634 2770 4691 eruditus
2794 4650 2943 4706 argu·
