3185 5219
2319 423 2624 478 cccxxm

286 602 472 655 cellam
513 600 965 668 calamitatemque
999 599 1207 660 referri,
1244 596 1451 666 quando
1486 598 1555 649 ob
1591 596 1821 666 dejectas
1848 596 2086 666 populari
2109 596 2364 649 seditione
2391 597 2629 650 placillae

286 694 490 739 statuas
515 687 848 738 exulceratus
885 683 1211 753 imperatoris
1248 685 1457 736 animus
1494 690 1547 734 et
1569 682 1636 734 ad
1664 681 2025 734 vindicandam
2060 681 2390 750 majestatem
2426 679 2630 734 inflam-

289 777 465 824 matus
501 769 744 823 Flaviani
779 770 1033 839 praesulis
1069 769 1330 838 legatione
1366 768 1637 836 mitigatus
1661 774 1756 819 est,
1828 766 1930 819 Sed
1965 784 2061 820 nos
2088 767 2394 820 necessariis
2419 768 2631 836 quibus-

288 856 408 908 dam
448 856 739 908 rationibus
776 856 828 907 in
856 853 1224 908 Themistianis
1263 853 1401 906 notis
1427 852 1767 915 ostendimus,
1804 853 1908 904 alio
1933 867 2093 921 quam
2118 851 2182 903 ad
2207 850 2628 905 Theodosianum

288 940 419 993 illud
457 941 654 994 factum
692 949 928 1010 spectare
952 938 1314 1002 Themistium,
1352 955 1519 1007 neque
1555 948 1732 990 tamen
1768 937 2061 1007 cujusmodi
2083 937 2287 990 facinus
2310 937 2440 990 illud
2476 945 2631 1000 esset,

292 1027 552 1079 extricare
589 1033 702 1079 tum
740 1026 1020 1096 potuimus.
1093 1024 1261 1088 Quare
1297 1027 1369 1077 ita
1405 1023 1811 1094 disputationem
1856 1024 2168 1077 clausimus:
2222 1022 2433 1077 Habent
2474 1026 2634 1090 ἐρίων

291 1115 484 1164 eruditi
527 1116 631 1163 viri
677 1122 823 1180 atque
869 1111 1115 1163 historiae
1149 1113 1378 1174 studiosi,
1430 1115 1486 1161 in
1520 1129 1613 1177 quo
1648 1111 1933 1176 quaerendo
1970 1119 2118 1177 atque
2152 1110 2461 1161 enucleando
2494 1113 2633 1177 inqe-

294 1202 428 1248 m'um
479 1216 620 1248 suum
669 1207 953 1248 exerceant.
1025 1195 1172 1258 Quod
1219 1211 1346 1247 sane
1395 1195 1580 1247 merito
1617 1202 1729 1247 tum
1776 1211 1807 1246 a
1860 1194 2012 1246 nobis
2048 1201 2130 1247 est
2160 1193 2376 1246 factum.
2444 1192 2634 1246 Postea

295 1299 418 1335 vero
456 1275 588 1334 dum'
619 1280 981 1351 Chrysostomi
1018 1281 1169 1334 Hom.
1198 1298 1264 1332 xx
1319 1279 1381 1332 ad
1421 1280 1676 1350 Populum
1716 1277 2092 1332 Antiochenam
2148 1279 2513 1348 percurrimus,
2575 1279 2630 1331 in

294 1382 400 1437 qna
452 1367 518 1420 de
553 1366 789 1419 Flaviani
823 1367 1088 1435 legatione
1140 1374 1193 1417 et
1226 1367 1502 1436 impetrata
1555 1366 1620 1417 ab
1673 1367 1855 1434 imper.
1893 1365 2045 1417 venia
2091 1365 2406 1434 gratulatur,
2460 1381 2633 1419 veram

294 1452 684 1506 'themistianae
718 1452 859 1504 illius
884 1452 1134 1504 orationis
1160 1451 1428 1504 historiam
1454 1456 1506 1502 et
1529 1450 1827 1518 argumenti
1870 1466 2129 1512 summam
2168 1467 2275 1503 non
2298 1452 2412 1503 sine
2434 1451 2637 1522 ingenti

297 1539 461 1592 animi
513 1537 685 1591 fructu
745 1553 805 1589 ac
859 1538 1124 1607 voluptate
1177 1536 1466 1589 didicimus.
1539 1537 1671 1588 Cum
1724 1535 1864 1588 enim
1916 1533 2147 1588 habitam
2204 1552 2236 1590 a
2269 1536 2517 1590 Flaviano
2569 1537 2636 1590 ad

297 1622 651 1677 Theodosium
690 1624 978 1675 orationem
1017 1639 1078 1675 ac
1115 1622 1527 1691 deprecationem
1581 1621 1835 1690 explicat,
1886 1621 1962 1673 sic
1999 1638 2120 1674 eum
2154 1622 2287 1675 inter
2322 1629 2529 1675 caetera
2562 1623 2637 1679 lo·

299 1717 546 1777 quentem
570 1708 790 1761 inducit:
832 1707 921 1759 Καὶ
945 1708 991 1759 τί
1014 1707 1110 1777 χρὴ
1147 1707 1303 1776 λέγειν
1343 1707 1725 1773 Κωνσταντῖνον,
1763 1705 1842 1756 καὶ
1879 1703 1940 1757 τὰ
1974 1704 2213 1775 ἀλλότρια
2248 1707 2639 1778 παραδείγματα,

300 1793 410 1846 δέον
447 1791 635 1846 οἴκοθέν
673 1811 728 1844 σε
762 1793 844 1844 καὶ
867 1791 920 1844 ἐν,
959 1796 1054 1843 τῶν
1092 1797 1192 1844 σῶν
1233 1791 1529 1861 παρακαλεῖν
1568 1789 2012 1861 κατωρθωμὰτωνς
2061 1791 2303 1861 μέμνησαι
2338 1793 2524 1863 πρώην,
2561 1792 2641 1848 ὅτε

301 1882 384 1944 τῆς
406 1876 574 1947 ἑορτῆς
594 1879 771 1944 ταύτης
784 1875 1429 1946 καταλαβούσηςέπιστολὴν
1441 1873 1659 1947 ἔπεμψας
1672 1881 1928 1947 πανταχοῦ
1941 1879 2022 1942 τῆς
2045 1874 2326 1946 οἰκουμένης
2346 1877 2636 1931 κελεύουσαν

303 1963 419 2025 τοὺς
457 1963 513 2014 τ“ο
550 1962 886 2033 δεσμωτήριον
913 1960 1163 2023 οἰκοῦντας
1188 1961 1391 2030 ἀφεῖναι,
1418 1962 1498 2012 καὶ
1523 1965 1801 2031 συγχωρεῖν
1831 1961 1995 2022 αὐτοῖς
2016 1961 2077 2013 τὰ
2111 1960 2416 2034 ἐγκλήματα,
2453 1965 2549 2030 καὶ,
2574 1962 2642 2025 ὡς

303 2048 394 2101 οὐκ
429 2047 710 2119 ἀρκούντων
746 2046 955 2111 ἐκείνων,
1006 2048 1154 2108 δεῖξαί
1190 2067 1279 2099 σου
1325 2046 1409 2113 τὴν
1449 2046 1830 2116 φιλανθρωπίαν,
1867 2044 2031 2115 ἔλεγες
2068 2045 2147 2098 διὰ
2182 2051 2281 2100 τῶν
2319 2048 2641 2121 γραμμάτων,

305 2133 394 2198 ὅτι,
430 2134 543 2188 Εἴθε
567 2152 653 2204 μοι
678 2134 885 2185 δυνατόν
910 2131 966 2198 ἠν
1003 2133 1082 2184 καὶ
1108 2135 1219 2194 τοὺς
1246 2132 1542 2194 ἀπελθόντας
1579 2129 1800 2200 καλέσαι,
1839 2131 1917 2182 καὶ
1954 2130 2234 2200 ἀναστῆσαι,
2272 2135 2353 2186 καὶ
2399 2135 2522 2204 πρὸς
2557 2134 2643 2202 τὴν

308 2220 546 2289 προτέραν
603 2217 864 2287 ἀναγαγεῖν
919 2218 1064 2284 ζωήν.
1143 2221 1444 2289 Quamquam
1496 2222 1620 2287 quid
1654 2223 1837 2270 attinet
1871 2219 2264 2282 Constantinum,
2303 2229 2395 2271 aut
2427 2222 2645 2273 aliorum

311 2307 539 2375 exempla
575 2323 875 2367 memorare,
930 2324 1038 2356 cum
1078 2314 1121 2356 te
1174 2308 1462 2360 domesticis
1515 2309 1615 2356 tuis
1651 2305 1798 2356 rebus
1833 2323 1898 2355 ac
1920 2308 2092 2371 sactis
2126 2308 2347 2357 incitare
2383 2310 2645 2375 oporteat?

311 2390 590 2443 Meministi
614 2409 787 2459 nuper,
823 2409 929 2441 cum
957 2394 1122 2442 eodem
1148 2393 1236 2442 illo
1262 2394 1676 2460 appetentesesto
1702 2392 1882 2441 citeras
1906 2400 2003 2443 toto
2028 2398 2279 2442 terrarum
2306 2392 2423 2443 orbe
2447 2396 2645 2458 misisti,

309 2477 486 2546 quibus
520 2493 604 2528 eos
637 2493 803 2528 omnes
838 2480 924 2544 qui
957 2480 1011 2526 in
1047 2493 1259 2527 carcere
1312 2485 1476 2538 erant,
1530 2477 1735 2539 dimitti,
1770 2479 1934 2544 eisque
1970 2478 2256 2528 condonari
2289 2480 2509 2529 crimina
2531 2479 2645 2546 jus-

309 2566 446 2628 sisti,
482 2571 582 2613 tum
594 2561 813 2631 perinde
835 2581 901 2613 ac
919 2564 967 2612 si
993 2564 1206 2613 nondum
1227 2559 1354 2613 liaeo
1384 2563 1737 2630 testificwedae
1763 2560 2075 2613 humanitati
2100 2571 2218 2613 tuac
2247 2564 2560 2629 afficerent,
2590 2567 2647 2615 in

313 2648 439 2701 baec
473 2648 634 2699 verba
677 2653 996 2715 scripseras.-
1041 2647 1243 2699 Utinam
1279 2666 1368 2713 eyo
1405 2656 1623 2699 rum-tuos
1658 2649 1732 2698 ad
1764 2651 1921 2697 vitam
1954 2664 2201 2697 revocare
2237 2658 2384 2714 atque
2418 2652 2645 2701 excitare

305 2738 538 2802 possem!
606 2731 753 2795 Quod
792 2739 872 2784 est
897 2732 1219 2801 ipsissimum
1246 2731 1582 2800 benignitatis
1608 2730 2016 2799 clementiaeque
2038 2731 2319 2799 specimen,
2353 2733 2490 2801 quod
2515 2733 2647 2787 The-

315 2819 520 2871 mistius
557 2819 612 2870 in
646 2818 740 2871 illa
792 2817 1024 2869 oratione
1062 2817 1335 2886 praedicat,
1392 2817 1658 2885 aliquanto
1695 2822 1815 2868 ante
1852 2814 2233 2869 Antiochenam
2271 2817 2397 2869 illud
2432 2819 2646 2884 editum,

313 2919 430 2956 cum
456 2901 627 2956 adhuc
653 2902 868 2955 Plaeilla
891 2903 1101 2966 viveret,
1128 2908 1184 2954 ut
1206 2919 1270 2954 ex
1299 2903 1531 2954 oratione
1557 2902 1672 2970 ipsa
1697 2907 1911 2954 constat.
1954 2899 2069 2954 Non
2096 2902 2240 2971 potui
2259 2909 2368 2954 tam
2390 2904 2647 2957 illustrem

314 2988 607 3052 historiam,
661 2996 873 3057 tamque
925 2988 1244 3040 luculentam
1300 2987 1365 3039 ad
1400 2986 1744 3040 'themistium
1797 2993 2036 3040 nostrum
2070 2989 2422 3041 accessionem
2460 2990 2648 3042 tacitus

314 3075 740 3143 praetermittere.
811 3072 1230 3127 Commodiorem
1255 3078 1448 3137 autem,
1474 3073 1564 3125 nbi
1587 3070 1723 3124 hanc
1755 3073 2063 3137 intexerem,
2100 3074 2292 3138 locum,
2329 3090 2486 3144 quam
2512 3073 2651 3128 hunc

314 3158 488 3227 ipsum
518 3157 680 3211 habui
712 3159 930 3211 nullum.
1003 3159 1147 3211 Alter
1182 3176 1285 3211 non
1324 3165 1429 3210 tam
1466 3159 1596 3211 ritus
1643 3174 1800 3227 quam
1849 3160 2043 3212 rituum
2085 3175 2147 3212 ac
2189 3159 2494 3230 disciplinae
2539 3177 2653 3215 cor·

315 3244 518 3314 ruptela
553 3242 669 3309 fuit,
731 3249 789 3295 ut
839 3243 1024 3297 iisdem
1076 3243 1261 3297 diebus
1314 3244 1700 3298 catechumenis
1744 3244 2152 3298 extraordinaria
2187 3246 2447 3316 quaedam
2481 3263 2654 3301 sacra-

315 3336 496 3382 menta
529 3329 968 3399 permitterentur.
1037 3328 1181 3394 Quae
1216 3330 1513 3399 cujusmodi
1545 3330 1760 3394 fuerint,
1797 3331 2029 3384 nondum
2064 3332 2244 3401 liquet.
2314 3333 2373 3386 ln
2409 3331 2654 3404 Carthag.

318 3414 530 3483 quidem
567 3413 724 3467 Conc.
749 3433 829 3468 ιιι.
865 3414 1022 3470 Cane.
1049 3434 1098 3470 v.
1133 3433 1248 3469 mos
1282 3415 1370 3467 ille
1406 3416 1693 3485 abrogatur
1730 3415 1808 3469 his
1845 3418 2040 3470 verbis:
2078 3418 2206 3469 Item
2230 3420 2455 3487 placuit,
2476 3431 2534 3473 ut
2558 3439 2658 3490 per

315 3501 688 3553 solennis-simos
714 3501 998 3570 paschales
1035 3504 1142 3553 dies
1177 3511 1550 3553 sacramentum
1589 3502 1961 3554 catechumenis
1996 3521 2091 3554 non
2127 3504 2288 3566 detur,
2324 3509 2427 3556 nisi
2457 3507 2657 3557 solitum

317 3585 414 3637 sal.
490 3586 630 3645 Quia
665 3591 713 3638 si
735 3588 919 3655 fideles
966 3604 1063 3654 per
1097 3588 1213 3637 illos
1249 3589 1357 3638 dies
1392 3595 1723 3639 sacramenta
1759 3606 1853 3639 non
1890 3596 2099 3649 mutant,
2157 3606 2248 3639 nee
2285 3589 2658 3642 catechumenis

318 3680 514 3739 oportet
555 3682 768 3723 mutare.
839 3670 971 3723 Cum
1015 3672 1095 3723 sal
1144 3670 1531 3725 catechumenis
1566 3671 1802 3741 praeberi
1844 3680 2153 3744 consuetum
2196 3679 2359 3737 esset,
2411 3680 2658 3744 appeten·

321 3756 461 3809 tibus
486 3754 754 3826 paschatis
781 3754 923 3808 feriis
949 3757 1412 3811 extraordinarium
1439 3757 1685 3827 quiddam
1712 3773 2017 3810 concessum
2041 3759 2146 3811 illis
2171 3766 2265 3811 est.
2340 3758 2455 3811 Non
2480 3760 2658 3829 utique

325 3839 660 3907 eucharistia,
697 3858 792 3894 nec
827 3843 966 3895 enim
1003 3848 1206 3896 tantum
1241 3842 1520 3896 insaniisse
1556 3858 1856 3911 quenquam
1890 3843 2126 3897 arbitror.
2196 3843 2376 3913 Neque
2410 3860 2531 3897 vero
2568 3861 2660 3914 per

322 3933 710 3980 sacramentum
747 3928 969 3996 intelligi
1006 3934 1131 3998 puto
1168 3928 1494 3996 symbolum,
1547 3925 1640 3980 sed
1674 3944 1861 3997 panem
1897 3928 2070 3997 ipsum
2107 3944 2168 3981 ac
2205 3930 2408 3993 vinum,
2451 3945 2519 3981 ex
2555 3945 2657 3998 quo

326 4010 647 4065 eucharistia
682 4020 980 4065 consecrata
1015 4012 1201 4066 fuerat.
1274 4011 1407 4064 Nam
1444 4012 1695 4081 reliquiae
1730 4013 1879 4081 panis
1900 4020 1968 4079 ,et
2002 4013 2134 4078 vini,
2185 4030 2319 4083 quae
2354 4029 2386 4066 a
2417 4014 2659 4067 fidelibus

325 4098 390 4149 ad
444 4098 757 4151 sacrificium
794 4099 1164 4152 celebrandum
1217 4097 1394 4150 oblata
1443 4098 1675 4175 suetan-t,
1728 4114 2105 4167 nonnunquam
2154 4100 2209 4152 in
2261 4098 2660 4152 catechumenos

327 4182 791 4237 distribuebantur.
861 4182 1008 4246 Quod
1045 4185 1274 4253 amplius
1319 4184 1559 4252 usurpari
1594 4188 1740 4235 vetat
1770 4182 2088 4253 Theophilus
2124 4186 2271 4238 Alex.
2296 4182 2424 4237 Gan.
2441 4201 2565 4238 vm:
2600 4182 2662 4234 τὰ

325 4269 693 4338 προςφερόμενα
718 4265 781 4328 εἰς
805 4267 959 4339 λόγον
985 4266 1150 4329 θυσίας
1175 4267 1297 4338 μετὰ
1320 4270 1418 4319 τῶν
1438 4267 1833 4339 ἀναλισκομένων
1872 4266 1936 4329 εἰς
1960 4268 2046 4336 τὴν
2071 4271 2167 4319 τῶν
2192 4268 2469 4339 μυστηρίων
2493 4267 2662 4339 χρείαν

327 4351 370 4404 ol
413 4352 634 4424 κληρικοὶ
673 4350 1109 4424 διανειμόισθωσαν,
1163 4352 1244 4405 καὶ
1303 4354 1425 4424 μήτε
1460 4354 1817 4424 κατεχούμενος
1851 4352 1905 4405 ἐκ
1947 4353 2134 4405 τούτων
2169 4350 2366 4405 ἐσθιέτω
2400 4354 2431 4419 ἢ
2468 4353 2662 4424 πινέτω,

325 4436 456 4491 ἀλλὰ
491 4437 686 4509 μᾶλλον
723 4437 770 4492 οἱ
804 4438 1042 4510 κληρικοὶ,
1078 4439 1159 4491 καὶ
1196 4437 1241 4490 οἳ
1275 4438 1362 4490 σὺν
1399 4439 1566 4500 αὐτοῖς
1602 4438 1763 4490 πιστοὶ
1807 4435 2024 4507 ἀδελφοί.
2094 4438 2173 4491 Ad
2207 4454 2362 4508 quem
2397 4437 2663 4493 Ganonem

327 4522 572 4579 Balsamo
609 4525 816 4579 scribit:
854 4524 1156 4578 Oblationes
1192 4525 1310 4578 illas
1345 4541 1536 4596 panem
1571 4530 1627 4577 et
1646 4525 1829 4578 vinum
1852 4540 1996 4589 esse,
2032 4541 2100 4577 ex
2124 4525 2313 4595 quibus
2338 4530 2511 4595 partes
2546 4525 2666 4579 illae

328 4619 566 4680 sumptae
604 4616 729 4664 sunt
766 4610 987 4681 (μερίδας
1021 4616 1202 4675 vocat,
1236 4610 1315 4663 uti
1341 4611 1525 4665 Graeci
1546 4609 1711 4664 ferme
1734 4610 2139 4677 consueverunt)
2174 4625 2305 4680 quae
2330 4626 2361 4663 a
2394 4609 2665 4664 sacerdote

330 4703 712 4774 consecrantur.
781 4695 863 4750 Ex
917 4713 1021 4767 quo
1069 4696 1132 4748 fit
1183 4702 1242 4750 ut
1292 4697 1540 4766 reliquiae
1594 4697 1738 4766 ipsae
1775 4696 2155 4765 quodammodo
2191 4695 2511 4750 sanctificate
2544 4697 2666 4760 sint,

2276 4781 2365 4837 X.

2689 1911 2729 1948 Ρ.

2756 1906 2840 1945 366.
