3185 5219
2480 417 2602 472 xc1

270 587 372 624 non
395 571 583 641 quinto
608 586 641 623 a
664 571 978 624 correctione
1001 586 1165 635 anno,
1198 575 1258 623 ut
1288 571 1483 641 alioqui
1504 571 1741 624 futurum
1773 570 2054 638 dicebatur,
2086 571 2178 625 sed
2200 589 2271 628 iv.
2287 612 2301 637 ,
2337 573 2428 643 qui
2460 578 2603 626 ante·

273 657 471 710 &denti
490 656 829 710 correctionis
851 672 988 709 anno
1010 655 1382 727 respondebat,
1412 673 1507 709 seu
1535 663 1662 726 post
1688 657 1826 709 tertii
1859 658 1984 710 anni
2018 657 2314 722 circuitum,
2344 656 2520 711 Pansa
2551 663 2606 711 et

269 742 431 796 Hirtio
456 758 595 797 coss.
611 781 625 806 ,
658 741 922 795 observari
950 742 1130 807 iussit,
1160 742 1364 811 reliqua
1385 740 1628 813 deinceps
1658 747 1781 812 post
1805 759 1873 795 iv.
1900 758 2158 812 quemque
2192 759 2389 797 annum
2412 744 2482 797 ab
2503 742 2604 797 hoc

270 829 454 898 primo.
511 825 823 898 Quanquam
855 828 1172 893 sacerdotes,
1207 843 1367 897 penes
1404 843 1535 899 quos
1569 827 1912 882 intercalandi
1944 843 2069 881 cura
2101 833 2236 893 erat,
2271 845 2333 882 eo
2366 829 2605 895 fortasse,

273 911 411 983 quod
430 914 663 985 primum
687 913 952 967 bisextum
972 918 1096 984 post
1120 931 1196 968 m.
1225 929 1424 967 annum
1443 914 1675 967 locatum
1697 913 1956 979 viderent,
1980 927 2150 967 errore
2172 913 2315 968 ducti
2335 916 2608 985 sequentia

272 999 464 1052 similia
484 1004 608 1070 post
628 1001 839 1054 tertium
862 1016 1121 1071 quemque
1146 1004 1494 1070 usurparunt,
1508 1015 1809 1069 annumque
1831 998 2126 1053 Romanum
2147 1017 2328 1055 xxxvi.
2351 1017 2608 1056 annorum

276 1085 439 1155 spatio
463 1085 542 1137 ita
557 1084 930 1155 depravarunt,
953 1091 1014 1140 ut
1033 1102 1127 1156 pro
1145 1104 1218 1139 rx.
1242 1086 1425 1139 diebus
1448 1085 1715 1138 duodenos
1738 1085 2135 1156 interponerent.
2170 1084 2321 1150 Quod
2335 1086 2606 1157 Augustus

277 1176 333 1223 ut
353 1171 663 1241 corrigeret,
695 1176 748 1224 et
779 1177 884 1224 tres
917 1188 1008 1225 eos
1041 1170 1151 1225 dies
1183 1168 1472 1242 superfluos
1501 1176 1788 1235 resecaret,
1819 1189 1912 1227 ιιι.
1936 1177 2211 1242 sequentes
2243 1172 2357 1224 sine
2379 1172 2610 1226 bisextili

273 1257 662 1310 intercalatione
693 1257 915 1327 transigi
946 1258 1121 1322 iussit,
1153 1255 1210 1311 G.
1231 1256 1514 1311 Censorino
1539 1261 1595 1310 et
1614 1257 1797 1310 Asinio
1823 1255 1976 1310 Gallo
2007 1273 2140 1310 coss.
2185 1258 2327 1311 Haec
2353 1258 2409 1311 in
2432 1259 2607 1312 Anna·

274 1343 427 1396 libus.
475 1341 620 1407 Quae
654 1348 713 1395 ut
742 1343 907 1396 oculis
935 1343 1065 1413 ipsis
1090 1343 1326 1396 subiecta
1344 1342 1502 1413 plane
1523 1341 1887 1413 percipiantur,
1921 1343 2224 1396 laterculum
2259 1344 2460 1414 aliquot
2487 1359 2610 1398 con·

279 1429 543 1481 sulatuum
567 1427 825 1494 adtexuit,
856 1428 1005 1482 initio
1029 1427 1184 1481 ducto
1209 1428 1275 1481 ab
1301 1444 1362 1482 eo
1386 1444 1524 1482 anno
1549 1443 1654 1498 quo
1679 1427 1881 1481 Iuliana
1902 1430 2074 1500 coepit
2093 1428 2269 1484 editio.
2317 1428 2467 1494 Quod
2490 1445 2611 1483 cum

279 1513 341 1567 ad
364 1529 575 1577 eorum,
608 1530 742 1584 quae
766 1513 1010 1584 deinceps
1032 1513 1370 1584 proponenda
1392 1518 1541 1578 sunt,
1573 1514 1976 1584 intelligentiam
2006 1530 2115 1567 non
2135 1513 2451 1568 mediocrem
2473 1515 2611 1568 utili-

280 1605 438 1652 tatem
460 1600 629 1670 possit
650 1598 859 1665 afl‘erre,
881 1616 980 1653 nos
1003 1600 1227 1653 eundem
1248 1599 1399 1652 illum
1421 1598 1705 1652 indiculum
1729 1600 2110 1664 exscribemus,
2145 1599 2236 1654 ubi
2269 1616 2403 1670 quae
2424 1600 2479 1653 in
2501 1607 2612 1654 rem

280 1683 479 1738 faciunt
495 1700 664 1755 pauca
680 1686 1177 1755 praemonuerimus.
1209 1684 1487 1738 Sciendum
1506 1685 1645 1738 enim
1663 1690 1746 1737 est
1761 1701 1868 1739 non
1887 1685 2058 1739 solum
2075 1686 2270 1738 bisexti
2287 1701 2320 1737 a
2337 1685 2467 1739 Iulio
2485 1684 2611 1739 Gae-

282 1786 393 1823 sare
419 1771 642 1824 ordinati
662 1772 921 1825 rationem
949 1787 1009 1824 ac
1031 1771 1283 1836 formam,
1313 1770 1406 1824 sed
1440 1769 1674 1824 eiusdem
1709 1786 1916 1841 quoque
1947 1770 2396 1841 depravationem,
2429 1787 2492 1826 ac
2522 1788 2613 1842 po-

283 1862 470 1910 stremo
494 1857 860 1925 Augustanam
892 1857 1035 1910 illam
1058 1857 1431 1911 correctionem
1454 1862 1507 1910 et
1527 1856 1962 1910 instaurationem
1984 1857 2126 1910 varie
2148 1857 2428 1910 admodum
2450 1857 2616 1926 expli·

283 1943 403 1996 cari.
449 1940 587 1995 Sunt
618 1943 759 1996 enim
791 1944 980 2013 quibus
1013 1943 1183 2012 placet
1211 1942 1403 1996 Iulium
1426 1941 1706 1996 Caesarem
1736 1957 1875 1996 anno
1897 1940 2233 1996 Confusionis
2262 1940 2392 1996 nihil
2413 1947 2616 2013 praeter

285 2029 474 2083 solidos
498 2044 705 2082 menses
726 2044 789 2082 ac
814 2029 922 2082 dies
946 2027 1279 2082 intercalasse
1292 2067 1305 2093 ,
1340 2026 1559 2098 ideoque
1589 2027 1821 2098 primum
1850 2044 2048 2081 annum
2069 2027 2329 2082 lulianum
2352 2030 2517 2084 instar
2540 2030 2617 2083 bi·

284 2115 484 2168 sextilis
507 2113 693 2179 fuisse,
708 2120 873 2185 ¹atque
892 2114 1021 2168 adeo
1037 2114 1302 2183 legitimos
1327 2121 1381 2168 et
1403 2113 1688 2168 ordinarios
1711 2113 1984 2167 bisextiles
2006 2130 2122 2167 esse
2143 2114 2276 2168 istos
2300 2115 2616 2186 oportuisse:

283 2218 330 2253 v.
354 2218 426 2255 rx.
450 2217 568 2254 xm.
593 2205 691 2253 etc.
714 2217 915 2254 mvn.
940 2218 1047 2254 xm.
1073 2218 1192 2254 ιιι.
1218 2218 1360 2254 nix.
1385 2217 1499 2254 nm.
1546 2199 1628 2252 Ita
1660 2197 1895 2270 Scaliger
1925 2200 2016 2253 lib.
2037 2216 2108 2252 iv.
2141 2199 2206 2254 de
2238 2199 2453 2254 Emend.
2499 2201 2618 2265 Alii,

287 2289 372 2357 qui
408 2286 750 2356 quadrantem
784 2286 887 2339 diei
920 2291 1124 2356 praeter
1158 2285 1353 2339 solidos
1396 2285 1506 2339 dies
1550 2285 1915 2339 intercalatum
1955 2291 2168 2356 putant,
2205 2287 2505 2356 legitimum
2544 2287 2619 2340 bi-

283 2373 551 2437 sextilem‚
582 2371 811 2425 Iulianae
836 2371 1077 2425 editionis
1099 2387 1297 2426 annum
1319 2372 1555 2436 tertium,
1586 2377 1847 2437 statuunt,
1879 2371 1947 2424 ab
1975 2387 2142 2442 eoque
2165 2371 2407 2443 deinceps
2429 2390 2521 2428 vu.
2544 2390 2619 2427 ιι.

282 2477 366 2512 xv.
390 2464 489 2511 etc.
529 2457 706 2511 Tertia
727 2462 900 2528 potest
922 2456 988 2510 ad
1011 2473 1100 2511 eas
1125 2457 1365 2511 accedere
1388 2457 1584 2523 forma,
1620 2463 1680 2511 ut
1701 2457 1949 2511 nimirum
1972 2458 2293 2511 confusionis
2315 2474 2484 2512 annus
2506 2459 2621 2529 ipse

284 2544 543 2599 bisextilis
566 2543 736 2596 vicem
757 2544 1079 2614 praebuerit,
1112 2559 1174 2597 ac
1209 2543 1429 2597 subinde
1458 2543 1689 2597 Iulianus
1714 2559 1783 2596 ιν.
1808 2561 1922 2598 vm.
1946 2562 2040 2599 ιιι.
2067 2549 2163 2596 etc.
2189 2549 2302 2596 tum
2325 2561 2504 2597 xxxvi.
2529 2562 2617 2600 ιι..

282 2649 422 2686 mv.
450 2648 637 2685 xum.
663 2648 753 2685 m.
780 2631 1048 2684 bisextum
1082 2632 1181 2684 sibi
1215 2648 1282 2684 ex
1306 2629 1433 2684 Iulii
1447 2629 1684 2684 Caesaris
1708 2631 2093 2684 constructione
2115 2629 2405 2684 vendicent.
2450 2629 2533 2685 Ex
2555 2632 2621 2685 iis

285 2716 560 2771 ordinandi
590 2716 774 2770 formis
806 2733 966 2787 quam
998 2715 1190 2770 Caesar
1222 2717 1471 2781 tenuerit,
1513 2715 1773 2769 affirmare
1804 2714 2015 2769 difficile
2047 2719 2150 2780 est,
2180 2715 2621 2786 quemadmodum

284 2804 441 2856 etiam
475 2817 611 2874 quae
641 2801 797 2856 fuerit
830 2802 1148 2873 depravandi
1177 2803 1310 2856 ratio
1332 2799 1473 2855 haud
1495 2802 1570 2855 ita
1591 2806 1732 2855 certo
1756 2806 1973 2854 constat.
2017 2800 2196 2854 Potuit
2216 2802 2356 2854 enim
2377 2817 2515 2855 anno
2537 2801 2621 2855 Iu-

282 2889 421 2943 liano
440 2888 594 2941 tertio
613 2894 794 2941 contra
810 2890 1188 2959 praescriptum
1205 2886 1442 2942 Caesaris
1458 2887 1754 2940 intercalari
1768 2927 1781 2951 ,
1804 2887 1975 2956 potuit
1990 2890 2043 2939 et
2060 2892 2246 2956 quarto
2258 2926 2272 2951 ,
2295 2902 2416 2940 cum
2439 2887 2620 2956 quinto

284 2976 553 3040 iussisset3
576 2973 714 3027 unde
731 2991 910 3026 xxxvr.
930 2976 1011 3027 vel
1028 2992 1228 3027 xxxvn.
1246 2972 1464 3026 vitiosus
1488 2973 1675 3025 extitit.
1708 2971 1890 3042 Neque
1906 2988 2030 3026 vero
2052 2972 2227 3025 miuus
2245 2977 2327 3025 est
2342 2972 2623 3027 obscurum

287 3076 573 3132 quamnam
605 3058 940 3130 castigandae
971 3060 1107 3114 labis
1140 3058 1279 3113 illius
1300 3061 1440 3112 viam
1464 3059 1734 3129 Augustus
1767 3057 1954 3111 inierit.
2003 3057 2111 3110 Aut
2141 3057 2282 3111 enim
2302 3058 2530 3128 primum
2552 3074 2623 3112 ex

285 3166 379 3203 ιιι.
401 3145 695 3216 ἀνεμβόλοις
718 3162 833 3199 esse
854 3145 1008 3199 iussit
1027 3146 1286 3199 Iulianum
1310 3163 1558 3210 xxxvm.,
1595 3158 1697 3213 quo
1732 3143 1799 3197 ad
1832 3143 2248 3197 emendationem
2277 3143 2511 3198 animum
2534 3144 2624 3198 ad·

288 3235 431 3297 iecit,
465 3233 513 3285 si
534 3236 828 3303 postremus
850 3231 1109 3285 bisextilis
1132 3232 1351 3285 vitiosus
1374 3230 1531 3284 fuerit
1552 3249 1780 3294 xxxva„
1811 3230 1887 3282 ita
1915 3235 1975 3282 ut
1995 3229 2333 3283 duodecimus
2356 3231 2455 3281 τῶν
2479 3229 2624 3301 ἀνεμ-

291 3320 456 3389 βόλων
479 3317 714 3371 Iulianae
736 3317 977 3371 editionis
1006 3317 1162 3371 fuerit
1183 3334 1327 3371 xnrx.
1341 3356 1355 3381 ,
1388 3333 1457 3369 ex
1490 3333 1594 3387 quo
1629 3316 1872 3387 deinceps
1906 3314 2030 3368 anni
2062 3316 2119 3368 in
2150 3314 2383 3368 ordinem
2415 3314 2625 3381 redacti,

290 3412 343 3460 et
361 3420 501 3459 anno
524 3421 641 3458 un.
667 3402 934 3474 legitimus
968 3403 1227 3456 bisextilis
1261 3402 1463 3456 incidit:
1500 3407 1596 3455 aut
1623 3403 1668 3456 si
1691 3418 1870 3455 xxxvi.
1894 3407 2186 3471 poscemus
2221 3400 2480 3454 bisextilis
2507 3400 2624 3467 fuit,

291 3489 566 3545 duodecim
600 3488 794 3542 bisexti
822 3506 1034 3560 prorsus
1070 3493 1309 3559 expertes
1337 3504 1371 3541 a
1393 3506 1572 3542 xxxv1.
1598 3488 1664 3541 ad
1687 3502 1871 3542 xum.
1895 3484 2202 3557 pertexendi
2221 3491 2371 3552 sunt,
2404 3485 2534 3540 adeo
2568 3493 2627 3540 ut

293 3578 493 3647 primus
512 3574 773 3629 bisextilis
794 3590 864 3628 ex
888 3575 1067 3629 ordine
1088 3575 1145 3628 in
1165 3574 1424 3628 Iulianum
1448 3592 1539 3629 ιιι.
1562 3573 1852 3627 incurrerit.
1900 3572 1971 3625 At
1989 3571 2182 3625 Paulus
2206 3571 2624 3642 Middelburgen-

297 3663 367 3715 sis
388 3663 478 3716 lib.
497 3679 591 3717 ιιι.
615 3677 735 3714 cum
752 3661 998 3714 vitiosum
1022 3661 1283 3714 bisextum
1307 3675 1443 3713 anno
1461 3679 1539 3715 111.
1558 3677 1630 3713 v1.
1650 3676 1724 3714 rx.
1743 3673 1806 3711 ac
1823 3658 2044 3728 denique
2062 3675 2241 3711 xxxvi.
2264 3657 2626 3710 intercalatum

298 3764 409 3802 esse
425 3746 672 3811 dixisset,
697 3746 1072 3817 duodecimque
1089 3761 1392 3799 communes
1408 3746 1527 3799 illos
1544 3745 1601 3797 in
1619 3761 1802 3797 xnvm.
1822 3743 2059 3808 desiisse,
2079 3744 2154 3796 ita
2170 3747 2229 3796 ut
2245 3760 2339 3797 ux.
2359 3741 2624 3795 bisextum

301 3834 556 3904 exigeret,
589 3849 786 3886 novum
816 3848 849 3886 a
879 3832 1234 3886 sacerdotibus
1254 3832 1439 3884 vitium
1474 3831 1707 3884 oblatum
1741 3829 1950 3893 asserit,
1979 3833 2039 3882 ut
2059 3845 2205 3882 xnrx.
2232 3828 2527 3881 bisextilem
2548 3827 2624 3880 fe·

303 3920 443 3985 cerit,
465 3918 608 3973 unde
629 3917 817 3989 reliqui
839 3918 1081 3993 deinceps
1103 3916 1172 3973 ad
1194 3922 1418 3972 aetatem
1441 3920 1678 3970 nostram
1697 3914 1968 3969 bisextiles
1989 3913 2263 3985 propagati
2284 3918 2422 3967 sunt.

2665 1793 2708 1832 p.
2728 1782 2814 1821 lm.
