3185 5219
626 357 720 421 Lu

625 515 928 571 narratione
949 512 1193 571 inductus
1217 512 1617 581 existimaverit,
1638 512 1907 571 morituris
1930 513 2175 571 omnibus
2207 512 2516 586 mysterium
2538 512 2667 569 illud
2696 510 2754 569 in
2786 528 2968 569 aurem

624 603 1029 658 immurmurari.
1099 601 1293 655 Scribit
1321 600 1463 657 enim
1495 599 1552 653 τ“ο
1589 599 1706 672 παρ’
1739 599 1902 653 αὐτῶν
1938 596 2011 653 ἀεὶ
2042 601 2396 672 μυστηριωδῶς
2424 601 2695 672 γινόμενον.
2770 599 2964 657 Verum

623 695 687 745 ut
708 689 836 743 haec
860 705 1005 743 mera
1023 688 1207 743 fabula
1227 687 1311 752 sit,
1334 686 1535 741 nullam
1558 685 1773 742 omuino
1796 686 2162 740 sanctissimus
2183 686 2337 742 Pater
2354 687 2564 758 culpam
2581 685 2680 741 hac
2696 685 2754 741 in
2774 702 2832 741 re
2848 702 2962 739 sus-

530 822 538 829 .
622 775 782 841 tinet;
806 775 896 845 qui
918 774 1057 845 quod
1079 790 1113 826 a
1134 772 1236 827 fide
1260 772 1434 843 dignis
1457 770 1758 826 hominibus
1781 778 2075 842 acceperat,
2108 772 2437 843 simpliciter,
2469 772 2548 826 uti
2574 778 2842 829 narratum
2863 771 2965 825 sibi

624 866 762 925 erat,
784 861 929 914 nullo
953 877 1050 914 suo
1073 858 1381 929 interposito
1403 857 1596 912 iudicio
1619 857 1810 911 retulit.
1879 855 2015 921 Quid
2037 863 2118 912 est
2141 864 2318 912 autem
2340 874 2429 912 cur
2453 856 2516 912 de
2541 855 2743 911 Christo
2767 857 2964 929 pleros·

625 962 727 1016 que
750 947 804 1001 id
822 945 927 999 sibi
949 944 1260 999 Iudaeorum
1283 943 1608 1015 persuasisse
1630 960 1739 998 non
1770 948 2053 1015 putemus?
2103 942 2286 1014 Neque
2317 944 2458 998 enim
2491 944 2769 998 mentitum
2800 942 2966 997 fuisse

623 1028 907 1103 Iosephum
929 1031 1175 1086 comitem
1197 1031 1283 1084 vel
1306 1029 1643 1085 calvinianus
1666 1028 1766 1083 iste
1788 1029 1894 1083 nisi
1914 1028 2242 1100 impudenter
2263 1028 2491 1085 finxerit.

756 1116 820 1172 N.
845 1134 917 1170 ιι.
953 1116 1129 1177 Οὕτως
1147 1114 1381 1169 ἐπιτελεῖν
1398 1113 1844 1185 προβαλλόμενοςῂ
1875 1112 2051 1169 -Variis
2074 1114 2243 1168 modis
2267 1115 2523 1186 explicari
2540 1115 2698 1169 verba
2717 1115 2822 1169 ista
2841 1131 2969 1187 pos-

622 1209 768 1277 sunt:
809 1204 920 1257 sive
951 1218 1015 1256 eo
1048 1218 1207 1259 sensu
1232 1217 1389 1273 quem
1408 1199 1753 1266 reddidimus,
1783 1201 1895 1254 sive
1918 1215 2074 1271 quem
2098 1198 2375 1255 Gornarius
2398 1201 2680 1272 expressit:
2719 1199 2809 1254 Sic
2832 1203 2968 1254 enim

619 1294 875 1359 sefacere
892 1288 1277 1359 praetendebat.

756 1374 850 1427 Καὶ
872 1371 1137 1437 Ἀζανιτῶν
1162 1374 1261 1425 τῶν
1286 1369 1403 1444 παρ’
1425 1371 1634 1440 αὖτοῖς.]
1685 1370 1868 1427 Iudaei
1888 1375 1992 1465 ³3¹¹!
2016 1377 2208 1429 vocant
2228 1388 2536 1445 synagogae
2557 1372 2860 1428 ministrum
2880 1372 2968 1428 vel

622 1460 906 1515 aedituum.
942 1458 1073 1514 Vide
1096 1457 1268 1513 Eliam
1289 1459 1345 1513 in
1367 1457 1565 1513 Thisbi.

758 1545 966 1616 Κόμητα
988 1544 1084 1616 γὰρ
1110 1542 1258 1596 αὖτὀν
1283 1543 1594 1611 ratiarnam]
1648 1543 1913 1599 Comitum
1943 1542 2173 1615 dignitas
2204 1543 2375 1599 nudus
2408 1544 2522 1599 sine
2553 1543 2872 1615 magistratu
2902 1561 2967 1598 ac

620 1631 888 1686 functione
910 1631 1213 1702 plerumque
1235 1629 1418 1687 titulus
1450 1628 1576 1695 fuit;
1609 1634 1668 1683 ut
1697 1645 1765 1683 ex
1789 1627 2150 1684 Theodosiano
2176 1629 2364 1685 Codice
2388 1635 2605 1684 constat.
2656 1630 2804 1684 Hanc
2827 1628 2966 1684 Con-

620 1717 883 1775 stantinus
903 1716 1168 1787 plerisque
1181 1755 1196 1781 ,
1218 1720 1281 1768 ut
1299 1713 1458 1768 refert
1478 1713 1764 1781 Eusebius,
1788 1716 2063 1773 concessit.
2139 1714 2335 1771 Eadem
2357 1732 2450 1787 per
2473 1714 2779 1770 honorarios
2824 1715 2966 1769 codi-

621 1803 771 1857 cillos
794 1817 826 1856 a
848 1801 1082 1873 principe
1106 1788 1483 1857 conferebatur.
1534 1798 1652 1864 Qua
1681 1799 1747 1854 de
1779 1817 1834 1854 re
1868 1800 1936 1854 ad
1958 1799 2231 1855 Themistii
2263 1801 2406 1857 Orat.
2433 1819 2503 1856 ιν.
2524 1800 2762 1873 pluribus
2787 1800 2966 1872 dispu-

620 1889 866 1941 tavimus.
900 1886 1003 1940 Ubi
1019 1886 1275 1940 eiusmodi
1298 1885 1522 1940 codicilli
1545 1884 1711 1938 δέλτοι
1731 1885 2035 1957 σφυρήλατοι
2056 1887 2382 1957 appellantur
2405 1885 2750 1941 aThemistio.
2776 1886 2841 1941 In
2858 1903 2964 1957 quo

620 1973 842 2029 ridicula
862 1978 944 2027 est
965 1972 1216 2041 anonymi
1238 1971 1571 2038 coniectoris,
1606 1971 1697 2042 qui
1720 1970 1781 2024 de
1807 1970 2189 2026 suburbicariis
2221 1989 2387 2044 nuper
2417 1972 2650 2042 scripsit,
2682 1972 2966 2026 oscitantia

621 2075 745 2117 cum
764 2060 878 2129 pari
898 2056 1225 2128 impudentia
1246 2058 1542 2112 coniuncta,
1580 2056 2194 2127 ScripseratThemistius
2221 2057 2467 2112 Oratione
2488 2058 2582 2111 illa
2599 2075 2668 2111 ιν.
2690 2073 2818 2129 pag.
2841 2058 2963 2113 edit.

619 2150 830 2199 nostrae
858 2142 952 2196 117
957 2183 996 2208 .,
1028 2160 1112 2208 se,
1136 2159 1256 2196 cum
1287 2147 1467 2213 posset
1489 2142 1733 2197 omnibus
1764 2143 1869 2196 illis
1901 2159 1968 2196 ex
1992 2143 2320 2214 inperatoris
2341 2143 2647 2201 liberalitate
2671 2143 2961 2199 commodis

619 2246 683 2283 ac
702 2229 1061 2300 voluptatibus
1094 2227 1388 2299 delitiisque
1410 2228 1630 2298 perfrui,
1664 2224 1830 2283 ὁπόσα
1862 2229 1969 2288 ταῖς
1994 2226 2183 2290 δέλτοις
2207 2226 2595 2291 ἆκολουθέῖταῖς
2614 2226 2945 2299 σφυρηλάτοις

618 2316 720 2371 hoc
741 2320 839 2381 est,
857 2333 985 2385 quae
1004 2315 1207 2367 tabulas
1226 2315 1348 2369 illas
1365 2324 1731 2384 consequuntur
1750 2314 1930 2369 malleo
1948 2315 2177 2379 ductiles,
2201 2314 2569 2369 communibus
2585 2314 2688 2368 illis
2704 2313 2961 2368 fructibus

617 2401 784 2455 fuisse
821 2406 1124 2455 contentum
1146 2415 1280 2469 quos
1303 2399 1443 2452 cives
1468 2399 1659 2452 caeteri
1679 2399 1902 2471 publicis
1925 2400 2134 2455 tesseris
2151 2406 2308 2471 atque
2330 2400 2658 2471 imperatoris
2679 2399 2963 2470 largitione

620 2491 1074 2557 consequerentur.
1124 2485 1236 2539 Hoc
1260 2485 1315 2539 in
1335 2485 1453 2539 loco
1479 2483 1690 2550 δήλτους
1714 2480 2055 2555 σφυρηλάτους
2079 2485 2343 2539 coniector
2366 2484 2495 2539 nihil
2520 2484 2663 2538 aliud
2680 2502 2841 2556 quam
2857 2491 2961 2539 tes-

618 2588 765 2634 seras
783 2588 898 2626 esse
921 2570 1202 2627 contendit.
1228 2570 1423 2627 Verum
1446 2569 1571 2642 quid
1595 2585 1710 2625 esse
1729 2574 1907 2641 potest
1925 2569 2201 2626 absurdius
2223 2587 2384 2642 quam
2405 2587 2474 2625 ex
2495 2571 2705 2626 tesseris
2726 2570 2832 2625 illis
2853 2570 2962 2625 fru-

617 2659 889 2713 mentariis
912 2657 1116 2712 credere
1141 2655 1331 2729 μακρὸν
1355 2657 1504 2710 illum
1528 2654 1809 2727 κατάλογον
1834 2660 1917 2724 τῆς
1942 2659 2122 2728 τρυφῆς
2160 2656 2243 2710 καὶ
2275 2660 2359 2725 τῆς
2395 2656 2649 2720 εὐπαθείας
2672 2656 2960 2714 redundare

618 2749 813 2816 posse?
862 2743 1176 2798 Ptaesertim
1198 2759 1344 2809 cum,
1374 2742 1455 2797 uti
1476 2741 1612 2808 dixi,
1647 2747 1964 2797 tesserarum
1993 2742 2085 2797 illa
2105 2742 2406 2809 commoda,
2440 2759 2573 2814 quae
2597 2760 2719 2798 cum
2740 2743 2959 2798 caeteris

525 2893 539 2914 Ι
621 2829 921 2884 communia
953 2833 1162 2900 caperet
1192 2828 1297 2882 illis
1332 2833 1588 2900 opponat,
1630 2845 1766 2899 quae
1799 2830 1906 2889 ταῖς
1941 2826 2134 2889 δέλτοις
2168 2824 2430 2881 ἀκολουθεῖ
2467 2831 2574 2889 ταῖς
2614 2826 2960 2900 σφυρηλάτοις.

619 2917 734 2987 Age
757 2933 906 2983 vero,
937 2931 1059 2969 cum
1084 2912 1310 2968 Oratvr.
1334 2929 1457 2985 pag.
1480 2913 1591 2970 166.
1616 2919 1779 2986 negat
1800 2911 1876 2965 ἐπ’
1900 2911 2052 2983 ἐκείνῃ
2078 2917 2136 2986 τῇ
2163 2912 2352 2986 δέλτῳ,
2384 2930 2491 2984 qua
2513 2913 2827 2985 πολιαρχίαν,
2858 2912 2959 2968 hoc

621 3007 703 3056 est
723 3001 875 3055 Urbis
899 3000 1281 3071 praefecturam
1304 2999 1626 3065 obtinuerat,
1660 2998 1874 3069 gloriari
1896 3014 2037 3063 sese,
2060 2996 2155 3052 sed
2178 2998 2242 3051 de
2265 3000 2372 3054 alia
2391 3000 2594 3070 potius,
2625 2999 2684 3066 ἣν
2709 2997 2801 3052 οὐκ
2824 2996 2959 3054 ἐποί-

620 3107 743 3154 ησαν
764 3083 1145 3158 ἐλεφαντουργοὶ
1170 3082 1285 3136 οὐδὲ
1316 3085 1620 3154 χρυσοχόοι,
1653 3081 1754 3137 hoc
1785 3088 1866 3137 est
1897 3084 2224 3154 imperatoris
2258 3084 2391 3151 filio,
2423 3100 2581 3157 quem
2607 3100 2801 3156 parens
2835 3084 2960 3140 fidei

622 3190 748 3229 suae
772 3172 1130 3236 commiserat,
1154 3175 1301 3225 estne
1326 3175 1384 3222 ut
1402 3169 1799 3222 frumentariam
1822 3175 2073 3222 tesseram
2095 3170 2356 3224 coniector
2376 3168 2460 3226 hic
2484 3170 2740 3224 somniet?
2797 3168 2870 3222 Ut
2891 3169 2960 3224 ad

620 3258 903 3330 Iosephum
925 3257 1160 3321 redeam,
1184 3254 1364 3309 confer
1386 3270 1506 3308 cum
1526 3253 1764 3308 hocloco
1788 3269 1922 3324 quae
1944 3253 2201 3312 Eusebius
2225 3273 2281 3310 11.
2301 3259 2356 3308 et
2370 3273 2449 3310 m.
2476 3255 2539 3309 de
2555 3256 2678 3309 vita
2700 3255 2959 3310 Constan-

621 3345 720 3400 tini
743 3344 917 3410 refert,
941 3347 1137 3413 quanto
1158 3339 1241 3393 hic
1266 3338 1744 3394 constituendarum
1769 3339 1962 3410 ubique
1985 3339 2320 3394 ecclesiarum
2343 3340 2516 3395 studio
2531 3338 2848 3413 flagraverit,
2873 3347 2958 3396 ut-

622 3446 723 3501 que
748 3430 958 3496 easdem
979 3426 1200 3499 publicis
1224 3424 1521 3496 sumptibus
1545 3424 1877 3479 exaedificari
1897 3425 2132 3478 voluerit.

755 3515 819 3569 N.
843 3532 937 3568 ιιι.
974 3509 1246 3579 Κακούβιον
1272 3510 1325 3563 δὲ
1343 3512 1531 3578 ταῦτα]
1565 3509 1721 3564 Forte
1744 3509 2067 3580 Κουκούμιον.
2103 3511 2276 3566 Habes
2299 3510 2384 3584 hic
2404 3528 2574 3588 aquae
2597 3512 2958 3572 benedictione

621 3606 952 3654 consecratae
987 3613 1142 3651 usum
1171 3597 1436 3667 insignem
1469 3602 1628 3667 atque
1660 3595 1904 3652 fructum.
1975 3596 2096 3662 Cui,
2140 3614 2259 3651 cum
2291 3596 2420 3652 haec
2455 3587 2760 3664 scriberem,
2794 3599 2956 3666 affine

621 3685 870 3756 quiddam
891 3700 953 3736 ac
977 3683 1248 3753 geminum
1272 3682 1495 3736 occurrit
1517 3680 1656 3753 apud
1677 3680 1919 3736 Photium
1943 3699 1995 3736 n.
2017 3698 2160 3749 xcv,
2185 3700 2251 3736 ex
2279 3682 2505 3756 Georgio
2523 3684 2875 3739 Alexandrino
2899 3687 2958 3740 in

620 3770 766 3824 Actis
790 3766 1230 3837 &chrysostomi
1266 3766 1366 3821 Ubi
1387 3768 1524 3822 inter
1546 3772 1752 3822 caetera
1766 3765 1978 3821 Eucliae
2002 3768 2272 3823 cuiusdam
2293 3768 2462 3823 filium
2484 3769 2641 3824 refert
2662 3786 2696 3824 a
2715 3769 2778 3825 Β.
2790 3769 2958 3842 Chry-

622 3860 855 3910 sostomo
890 3868 1059 3924 aquae
1072 3894 1086 3919 ‚
1123 3854 1208 3906 cui
1240 3854 1453 3925 signum
1489 3853 1655 3908 crucis
1690 3853 2046 3924 impresserat,
2080 3855 2382 3926 aspersione
2423 3854 2841 3928 desperatissimo
2883 3858 2957 3912 ab

620 3941 806 3996 morbo
829 3941 1123 3994 liberatum.

757 4026 819 4080 N.
845 4044 952 4080 xxv,
987 4018 1116 4091 0ὗὴ
1142 4028 1302 4095 γεῦσις
1325 4018 1384 4090 ἧν
1408 4027 1496 4076 τοῦ
1529 4020 1731 4094 μάννα.]
1779 4023 1883 4089 Qui
1914 4029 2025 4080 tam
2056 4026 2285 4086 absurda
2317 4027 2740 4099 interpretatione
2771 4028 2958 4084 fucum

560 4160 573 4175 .
622 4110 743 4170 huic
775 4113 892 4166 loco
916 4110 1182 4165 faciebant
1202 4108 1474 4174 haeretici,
1510 4109 1576 4161 ad
1598 4125 1662 4162 ea
1683 4111 2028 4180 respiciebant
2052 4119 2184 4181 quae
2206 4110 2374 4166 Exod.
2397 4131 2506 4169 xvr.
2533 4120 2587 4168 et
2606 4113 2761 4169 Num.
2786 4132 2861 4170 ιι.
2888 4116 2958 4169 de

621 4214 818 4254 manna
836 4199 1108 4268 leguntur;
1130 4196 1278 4250 cuius
1301 4200 1488 4264 gustus
1511 4193 1674 4249 fuisse
1696 4195 1882 4249 dicitur
1899 4194 1967 4258 ὡς
1991 4193 2150 4266 ἐγκρὶς
2169 4194 2217 4249 ἐν
2236 4194 2405 4268 ἐλαίῳ.
2442 4198 2546 4253 Sed
2569 4216 2664 4254 nec
2685 4201 2863 4255 minus
2885 4203 2958 4256 ri·

623 4285 792 4340 dicule
812 4284 979 4338 nostri
998 4282 1248 4353 temporis
1269 4279 1517 4334 haeretici
1539 4280 1752 4352 quidam
1774 4296 1955 4335 vocem
1979 4277 2177 4352 ᾆκρίδας
2199 4282 2482 4354 depravare
2506 4286 2681 4340 conati
2702 4293 2841 4340 sunt.

758 4368 821 4422 N.
845 4387 929 4423 xv.
966 4369 1188 4439 Χρῶνται
1213 4365 1266 4419 δὲ
1289 4365 1370 4419 καὶ
1405 4362 1579 4426 ἄλλαις
1603 4365 1736 4434 τισί]
1788 4366 1866 4419 De
1898 4366 2030 4422 libro
2066 4368 2157 4437 qui
2188 4367 2416 4438 Περίοδοι
2447 4369 2634 4442 Πέτρου
2666 4372 2958 4444 inscriptus
2995 4417 3010 4426 -

624 4460 738 4510 erat
755 4455 994 4508 meminit
1015 4451 1203 4508 Athan.
1226 4453 1283 4506 in
1304 4451 1434 4522 Syn.
1459 4458 1512 4506 et
1543 4452 1679 4505 inter
1709 4450 2004 4523 apocrypha
2037 4469 2158 4506 cum
2180 4453 2294 4508 aliis
2315 4462 2570 4513 recenset.
2628 4456 2806 4512 Veluti
2826 4466 2962 4516 sunt

621 4538 850 4612 Περίοδοι
886 4537 1101 4610 Πέτρου,
1132 4537 1358 4609 Περίοδοι
1389 4533 1648 4609 Ἰωάννου,
1678 4535 1905 4607 Περίοδοι
1937 4536 2122 4608 Θωμᾶ,
2155 4537 2460 4611 Εὖαγγέλιον
2491 4540 2619 4596 κατὰ
2645 4540 2832 4617 Θωμᾶ,
2868 4545 2961 4599 Δι-

526 4600 566 4632 ‘³
625 4625 758 4699 δαχὴ
781 4621 1124 4697 Ἀποστόλων,
1147 4623 1426 4696 Κλημέντια
1445 4628 1543 4679 etc.
