3185 5219
2350 392 2622 452 CLXXXI

283 540 428 594 velut
446 540 516 594 ad
537 541 780 612 regulam
802 543 1196 597 accommodare
1228 543 1481 600 nituntur.
1551 544 1689 600 Nam
1719 546 1948 618 primum
1979 546 2190 616 quidem
2219 546 2418 622 pascha
2447 551 2621 608 solum

281 625 537 680 Ioannem
559 644 999 682 commemorasse
1019 635 1232 700 putaut3
1267 629 1553 684 secundum
1577 631 1717 701 quod
1739 630 1961 686 Ioannes
1986 631 2153 686 adhuc
2178 633 2468 704 baptizasse
2491 636 2620 704 legi·

281 716 379 775 tur,
399 712 587 768 Ioann.
607 730 694 778 m,
719 713 802 770 23.
845 712 958 778 Quo
981 715 1035 768 in
1057 714 1267 768 vincula
1288 714 1521 769 coniecto
1545 716 1843 786 praedicare
1868 716 2103 770 Christus
2126 719 2320 788 coepit,
2343 719 2529 773 Matth.
2548 739 2621 787 xv,

286 797 362 850 11.
385 803 445 851 et
460 799 632 852 Marci
655 818 698 864 1,
728 795 833 864 14.;
856 815 889 852 a
912 816 1014 870 quo
1038 804 1270 872 tempore
1292 805 1397 854 tres
1422 801 1614 854 caeteri
1637 818 1719 856 res
1744 818 1777 854 a
1796 801 1998 856 Christo
2017 807 2196 872 gestas
2215 804 2358 857 velut
2380 805 2446 858 ab
2469 806 2619 859 initio

280 882 560 937 deducunt.
596 882 845 953 Sequitur
867 899 992 954 ergo
1016 884 1214 955 pascha
1233 886 1544 951 secundum,
1569 887 1709 957 quod
1733 904 1852 941 cum
1875 887 2055 943 Ioann.
2075 907 2143 952 v„
2168 896 2280 942 tum
2297 889 2485 944 Matth.
2507 909 2619 957 run,

280 967 442 1023 Marc.
472 986 555 1033 ιι.,
588 969 714 1024 Luc.
743 988 832 1035 vr„
867 971 1023 1023 tacite
1058 969 1402 1041 significatur,
1437 988 1499 1026 eo
1535 972 1676 1044 quod
1709 973 1926 1027 sabbato
1963 973 2327 1044 deuteroproto
2372 991 2464 1045 per
2503 983 2620 1029 sata

279 1054 535 1108 hausisse
552 1054 794 1110 dicuntur
816 1057 1041 1126 apostoli
1075 1060 1128 1110 et
1149 1056 1319 1127 spicas
1337 1057 1636 1121 vellicasse3
1678 1058 1818 1128 quod
1840 1065 2046 1130 tempus
2071 1060 2124 1112 in
2148 1060 2290 1130 ipsas
2316 1075 2618 1129 azymorum

278 1139 435 1194 ier-ias
458 1140 694 1195 incurrit.
728 1138 837 1194 Iam
862 1142 1077 1196 tertium
1100 1147 1303 1211 praeter
1325 1141 1575 1196 Ioannem
1600 1158 1713 1214 cap.
1732 1161 1800 1198 vr.
1827 1144 1986 1198 etiam
2007 1143 2192 1198 Matth.
2213 1163 2340 1209 xm,
2364 1145 2523 1198 Marc.
2544 1159 2615 1201 vr.

277 1225 402 1279 Luc.
420 1243 497 1280 rx.
522 1225 876 1296 prodiderunt.
927 1225 1130 1297 Quippe
1154 1227 1463 1281 miraculum
1487 1227 1616 1281 illud
1637 1228 2104 1298 multiplicaturum
2127 1245 2324 1299 panum
2347 1236 2619 1300 exponunt

279 1310 419 1380 quod
444 1311 666 1365 loannes
690 1310 788 1364 sub
812 1311 985 1381 ipsum
1007 1311 1204 1382 pascha
1225 1313 1507 1382 contigisse
1538 1313 1737 1367 scribit.
1804 1313 1956 1367 Hunc
1990 1314 2044 1367 in
2076 1314 2290 1368 modum
2315 1330 2432 1368 vere
2457 1316 2615 1382 vulgo
2687 1341 2692 1346 ·

276 1394 531 1467 paschata
548 1395 816 1465 digerunt,
842 1397 933 1468 qui
954 1395 1253 1450 harmonias
1271 1399 1602 1469 evangelicas
1627 1405 1940 1464 contexunt,
1961 1400 2064 1453 nisi
2082 1399 2203 1469 quid
2229 1400 2383 1470 paulo
2410 1401 2475 1452 ab
2501 1401 2615 1453 aliis

278 1482 428 1534 aliter
450 1481 760 1551 explicatur,
785 1482 924 1552 quod
946 1482 1302 1553 scrupulosius
1326 1484 1638 1552 perscrutari
1661 1484 1891 1537 otiosum
1913 1485 2148 1538 arbitror.

413 1567 485 1619 At
508 1566 744 1637 Scaliger
767 1567 823 1620 in
846 1567 935 1622 lib.
957 1585 1027 1623 vr.
1055 1567 1117 1620 de
1142 1567 1355 1622 Emeud.
1381 1571 1610 1639 quinque
1632 1569 1847 1640 reperiri
1869 1569 2120 1641 paschata
2142 1569 2497 1623 vehementius
2522 1587 2616 1640 pu-

279 1656 423 1720 gnat.
494 1650 630 1705 Nam
653 1657 856 1722 praeter
877 1653 1103 1725 primum
1126 1653 1304 1707 Ioauu.
1323 1672 1381 1708 11.
1407 1654 1630 1708 alterum
1651 1654 1780 1708 illud
1803 1671 1920 1708 esse
1943 1655 2124 1710 statuit
2149 1655 2210 1708 de
2236 1672 2338 1725 quo
2363 1654 2543 1709 Ioann.
2567 1673 2613 1708 v.

279 1733 377 1789 Cui
400 1737 614 1790 tertium
637 1737 875 1807 adiungit
897 1738 1025 1791 illud
1049 1755 1081 1791 a
1103 1755 1206 1809 quo
1230 1756 1324 1809 per
1345 1745 1461 1792 sata
1485 1740 1581 1792 iter
1604 1738 1850 1793 habuisse
1871 1740 2107 1794 feruntur
2140 1741 2380 1811 apostoli.
2453 1740 2614 1804 Quar-

277 1828 391 1874 tum
416 1827 501 1874 est
520 1820 702 1876 Ioann.
721 1841 791 1876 vr.
861 1821 1111 1886 Quintum
1145 1823 1201 1874 τὸ
1233 1824 1591 1894 σταυρώσιμον.
1659 1824 1917 1896 Additque
1941 1826 2271 1896 singulorum
2294 1822 2615 1878 characteres

279 1921 340 1958 ac
364 1907 771 1978 delineationes3
797 1908 946 1962 cuius
970 1905 1315 1980 ἀκριβολογίας
1340 1910 1620 1963 vanitatem
1645 1910 1853 1980 copiose
1877 1916 1998 1964 ante
2019 1910 2397 1980 redarguimus.

415 1992 631 2046 Veteres
656 1999 855 2058 autem,
893 1994 968 2047 uti
992 1994 1187 2048 dictum
1212 2000 1317 2058 est,
1351 1994 1417 2048 ad
1444 2011 1606 2048 unum
1630 2011 1841 2059 omnes,
1876 1996 1978 2049 nisi
2000 1997 2090 2066 qui
2123 1995 2392 2066 trigesimo
2428 1996 2615 2048 aetatis

278 2094 416 2131 anuo
440 2093 659 2149 passum
681 2085 866 2150 putant
888 2078 1157 2133 dominum
1171 2119 1185 2144 ‚
1209 2079 1309 2132 tria
1330 2079 1589 2133 duntaxat
1612 2080 1862 2150 paschata
1883 2088 2175 2135 numerant.
2225 2079 2485 2150 Imprimis
2510 2081 2614 2134 Ire-

279 2177 443 2216 naeus
466 2163 581 2216 loco
605 2164 781 2217 citato.
813 2165 947 2217 Tum
968 2164 1278 2236 Apollinaris
1294 2164 1454 2220 Laod.
1481 2165 1621 2236 apud
1643 2165 1851 2221 Hieron.
1878 2166 1933 2218 in
1956 2182 2067 2236 cap.
2086 2184 2157 2219 rx.
2183 2165 2336 2230 Dan„
2362 2165 2615 2235 Origenes

278 2249 369 2303 lib.
397 2267 457 2302 ιι.
490 2265 535 2303 c.
572 2249 706 2303 Cels.
750 2249 841 2303 ubi
874 2250 1057 2303 ludam
1091 2267 1198 2303 non
1235 2250 1460 2304 solidum
1494 2250 1775 2306 triennium
1812 2250 1984 2321 egisse
2022 2268 2140 2305 cum
2176 2249 2381 2306 Christo
2419 2252 2615 2318 scribit,

278 2333 536 2388 Eusebius
568 2334 625 2387 in
649 2333 918 2390 Chronico.
991 2333 1090 2389 Ubi
1120 2341 1242 2406 post
1264 2353 1350 2389 xv.
1371 2335 1565 2390 Tiberii
1597 2352 1658 2388 ac
1684 2335 1881 2390 domini
1904 2337 2220 2408 baptismum
2243 2339 2399 2406 τριετῆ
2432 2337 2615 2407 χρόνον

279 2423 365 2486 τῆς
388 2418 708 2480 διδασκαλίας
733 2420 1033 2490 διαγενέσθαι
1067 2438 1133 2475 ex
1157 2420 1369 2474 Ioannis
1403 2421 1676 2492 evangelio
1713 2422 2000 2475 confirmat.
2049 2421 2250 2486 Quibus
2275 2422 2472 2475 accedit
2497 2421 2614 2492 Epi-

278 2503 520 2577 phanius.

416 2590 521 2646 &d
545 2608 724 2647 eorum
749 2592 910 2663 aliqui
935 2591 1074 2647 haud
1097 2593 1227 2647 satis
1250 2591 1400 2647 firma
1432 2593 1635 2647 ratione
1669 2592 1869 2647 inducti
1891 2593 2128 2648 videntur
2153 2598 2211 2646 ut
2233 2593 2444 2647 biennio
2467 2609 2615 2663 prae-

282 2677 484 2732 dicasse
508 2676 771 2733 Christum
793 2685 1167 2734 asseverarent.
1218 2678 1475 2732 Nimirum
1499 2678 1639 2750 quod
1663 2679 1798 2749 apud
1823 2679 2030 2732 Esaiam
2056 2695 2166 2749 cap.
2186 2697 2292 2732 ιιι.
2317 2696 2448 2731 com.
2469 2679 2517 2732 2.
2542 2680 2615 2731 le·

282 2764 437 2834 gitur,
472 2764 564 2817 ubi
586 2761 821 2818 Christus
853 2764 1075 2818 missum
1108 2781 1164 2817 80
1199 2781 1232 2817 a
1258 2770 1406 2834 patre
1440 2763 1729 2834 profitetur,
1763 2763 1966 2815 καλέσαι
1994 2760 2210 2814 ἐνιαυτὸν
2235 2762 2400 2832 κυρίου
2425 2764 2613 2832 baurim,

282 2848 361 2900 καὶ
377 2847 565 2919 ἡμέραν
584 2847 955 2911 ἀνταποδόσεως
968 2891 982 2917 ,
1006 2849 1255 2920 suspicati
1273 2856 1399 2903 sunt
1414 2847 1631 2901 ἐνιαυτὸν
1650 2849 1798 2902 illum
1818 2848 2004 2915 δεκτὶιν,
2027 2867 2210 2900 annum
2231 2849 2613 2918 acceptabilem,

282 2935 507 3006 priorem
533 2951 562 2987 e
585 2934 788 2988 duobus
813 2951 954 2999 esse;
978 2936 1034 2988 in
1058 2951 1161 3005 quo
1187 2934 1569 2987 contradicente
1595 2934 1802 2986 nemine
1826 2934 2156 3003 evangelium
2174 2932 2497 3003 praedicarit.
2533 2932 2614 2985 Ex

284 3036 384 3090 quo
408 3019 704 3074 ratiocinati
728 3026 849 3074 sunt
872 3021 1095 3073 alterum
1113 3021 1161 3073 ei
1177 3019 1490 3092 respondere
1508 3017 1592 3071 τὸν
1613 3016 1998 3089 ἀντιλεγόμενον.
2034 3018 2114 3071 lta
2136 3018 2274 3072 enim
2292 3015 2614 3088 Epiphanius

281 3107 584 3176 praesertim
608 3124 659 3160 n.
679 3124 800 3160 xxv.
844 3106 910 3158 At
931 3107 1090 3177 longe
1113 3105 1432 3160 tolerabilius
1457 3121 1573 3157 meo
1600 3103 1810 3173 quidem
1835 3103 2023 3157 iudicio
2049 3103 2209 3157 Glem.
2229 3103 2376 3156 Alex.
2404 3102 2611 3172 aliique,

284 3192 371 3261 qni
391 3207 461 3244 ex
484 3191 672 3247 Esaiae
695 3192 866 3245 verbis
899 3208 959 3244 ac
989 3191 1272 3262 singularis
1305 3190 1431 3244 anni
1465 3190 1729 3244 mentione
1755 3188 1944 3243 Christi
1977 3189 2414 3260 praedicationem
2438 3204 2612 3241 annuo

280 3278 450 3348 spatio
474 3276 799 3332 definierunt.
848 3276 982 3330 Nam
1003 3275 1103 3331 hoc
1125 3281 1281 3348 pacto
1305 3273 1518 3336 ἐνιαυτὸς
1544 3274 1713 3336 δεκτὸς
1737 3292 1845 3329 nou
1867 3274 2173 3329 Iudaeorum
2209 3274 2614 3345 comparatione,

282 3362 373 3415 „a
393 3362 671 3433 ipsiusmet
692 3362 773 3415 <101
796 3362 1090 3427 moabitam
1124 3378 1226 3432 quo
1250 3378 1411 3443 som
1431 3361 1615 3415 Esaias
1650 3332 1872 3430 mne&
1907 3364 2067 3447 ’ρει-ι
2106 3364 2247 3422 nm
2282 3360 2430 3414 dixit.
2471 3358 2615 3423 Quae

281 3454 415 3502 recte
439 3448 501 3501 D.
520 3447 730 3501 Hieron.
752 3448 928 3512 vertit,
961 3466 1145 3500 annum
1180 3448 1542 3519 acceptabilem
1569 3449 1783 3500 domino.
1850 3446 2096 3517 Idemque
2120 3447 2174 3499 in
2200 3445 2400 3500 Comm.
2429 3464 2612 3498 annum

283 3534 647 3603 acceptabilem
687 3542 737 3586 et
767 3535 896 3586 diem
930 3534 1274 3587 retributionis
1311 3551 1452 3586 omne
1476 3535 1892 3602 praedicationis
1922 3536 2052 3595 eius,
2094 3551 2186 3601 quo
2216 3536 2272 3583 in
2307 3550 2465 3584 carne
2499 3550 2610 3582 ver·
2665 3547 2816 3599 P·²⁰⁵·

281 3631 422 3671 sutus
445 3629 522 3671 est
531 3657 547 3683 ‚
573 3628 761 3689 tempus
783 3618 1080 3689 siguificare
1104 3617 1294 3672 docuit.
1329 3617 1444 3682 Quo
1469 3624 1520 3670 et
1544 3618 1807 3688 apostolus
1824 3616 2017 3671 Paulus
2041 3618 2296 3688 respexit,
2321 3634 2441 3669 curn
2465 3634 2520 3670 ιι.
2546 3616 2610 3668 ad

283 3702 398 3759 Cor.
420 3722 491 3758 vr.
518 3703 676 3769 dixit,
713 3722 828 3758 ecce
857 3722 986 3756 nunc
1011 3714 1201 3775 tempus
1223 3704 1557 3774 acceptabile.
1603 3702 1741 3755 Haec
1765 3701 1974 3755 Hieron.
2021 3703 2168 3767 Quod
2202 3710 2254 3755 et
2286 3710 2404 3757 aute
2438 3701 2612 3772 ipsum

282 3790 413 3846 Iren.
444 3790 537 3843 lib.
554 3808 613 3847 ιι.
644 3804 757 3860 cap.
776 3807 1000 3844 xxxvm.
1035 3789 1304 3854 docuerat,
1340 3804 1535 3842 annum
1571 3786 1833 3851 videlicet,
1867 3804 2020 3857 quem
2055 3787 2308 3861 propheta
2341 3791 2493 3839 vocat
2525 3802 2608 3837 ac·

282 3875 620 3947 aptabilem,
652 3892 807 3929 omne
839 3875 906 3928 ab
942 3873 1167 3929 adventu
1192 3874 1383 3929 Christi
1404 3880 1610 3944 tempus
1635 3872 1701 3925 ad
1724 3874 2228 3926 consummationem
2256 3889 2420 3942 usque
2449 3870 2610 3938 signi-

280 3960 451 4017 ficare.
522 3959 635 4014 Nec
665 3961 806 4015 aliud
837 3960 1019 4015 Esaias
1043 3961 1223 4014 voluit.
1293 3959 1460 4024 Quare
1486 3957 1623 4030 quod
1647 3974 1713 4011 ex
1738 3974 1799 4010 eo
1823 3956 1918 4013 PP.
1945 3958 2154 4028 quidam
2178 3960 2611 4028 argumentantur

282 4046 343 4100 de
365 4062 473 4100 uno
498 4046 582 4098 vel
604 4046 765 4099 altero
796 4045 1193 4116 praedicationis
1222 4061 1385 4110 anno,
1419 4044 1558 4115 quod
1589 4061 1696 4097 nou
1730 4045 1842 4098 sine
1866 4045 2050 4097 veniae
2074 4043 2393 4114 praefatione
2417 4040 2611 4093 dictum

282 4132 374 4197 sit,
406 4132 475 4185 ab
506 4130 692 4185 Esaiae
713 4138 888 4185 mente
910 4146 1124 4202 prorsus
1148 4130 1372 4183 alienum
1397 4129 1615 4183 videtur.
1663 4132 1734 4182 Ac
1759 4128 1989 4200 profecto
2014 4130 2058 4182 si
2084 4129 2184 4182 duo
2210 4128 2466 4181 duntaxat
2490 4130 2610 4178 ante

281 4223 604 4288 postremum
634 4216 765 4270 illud
797 4222 850 4270 et
884 4217 1225 4287 σταυρώσιμον
1246 4213 1498 4286 paschata
1527 4216 1841 4285 transegerit
1864 4214 2124 4277 Christus,
2157 4213 2272 4265 fieri
2302 4229 2406 4264 non
2440 4216 2613 4280 potest

281 4309 340 4356 ut
358 4303 587 4374 priorem
611 4317 809 4356 annum
832 4304 944 4357 sine
969 4303 1124 4357 ullius
1149 4299 1434 4355 offensione
1459 4316 1519 4352 ac
1544 4301 1945 4353 contradictione
1971 4297 2363 4367 consumpserit.
2415 4296 2608 4349 Multas

281 4390 418 4443 enim
452 4393 507 4441 et
523 4387 744 4443 hostiles
762 4388 1066 4442 vexationes
1080 4428 1092 4452 ,
1126 4386 1364 4450 insidias,
1397 4385 1740 4439 contumelias
1759 4386 1812 4438 in
1830 4402 1948 4437 eum
1970 4399 2164 4435 aunum
2188 4382 2375 4434 coniici
2397 4398 2608 4435 necesse

283 4480 388 4539 est,
412 4480 470 4527 ut
491 4478 682 4543 postea
704 4471 1062 4526 declarabitur.
1133 4470 1440 4541 Quanquam
1468 4486 1535 4523 ne
1559 4471 1832 4523 commoda
1857 4468 2062 4539 quidem
2087 4467 2154 4519 ab
2178 4466 2280 4519 illis
2301 4464 2608 4537 paschatum

283 4574 343 4613 ac
363 4569 661 4630 temporum
684 4558 925 4611 instituta
955 4556 1263 4611 distributio.
1326 4556 1571 4610 Irenaeus
1605 4555 1831 4625 primum
1861 4551 2057 4623 pascha
2088 4552 2270 4606 statuit
2299 4552 2425 4606 illud
2459 4554 2606 4606 cuius

285 4644 522 4697 meminit
554 4643 733 4695 loanu.
760 4658 872 4712 cap.
897 4659 951 4695 ιι.
975 4658 1107 4696 com.
1136 4641 1210 4696 13.
1283 4640 1580 4695 Secundum
1615 4656 1735 4695 vero
1772 4656 1836 4693 ex
1870 4638 2045 4691 loann.
2065 4656 2113 4691 ν.
2150 4655 2281 4694 com.
2306 4638 2350 4694 l.
2387 4637 2607 4703 deducit,
