3185 5219
572 353 776 412 CLVIII

570 511 735 566 fuisse
758 508 1035 580 significat.
1068 508 1201 564 Nam
1224 514 1347 581 post
1364 507 1608 579 eclipsin,
1633 506 1714 560 καὶ
1730 504 1818 574 τὴν
1836 504 2181 577 ἔπιπρόσθησιν
2201 504 2265 569 εἰς
2281 506 2339 560 τὶ)
2363 511 2452 562 τοῦ
2473 504 2618 575 ἡλίου
2642 503 2896 579 &stum

572 593 973 662 ὢντικαταστῆναι
992 596 1171 648 lunam
1192 595 1406 658 asserit,
1440 592 1540 648 hoc
1573 599 1656 647 est
1687 594 1744 646 in
1777 609 1899 647 eum
1930 593 2064 646 coeli
2091 593 2267 648 locum
2299 594 2598 664 pervenisse
2626 594 2718 664 qui
2739 610 2770 646 e
2793 592 2899 646 dia-
2973 593 2978 602 '

570 687 739 735 metro
761 682 928 735 solem
948 681 1239 751 respiceret.
1274 680 1379 733 Sed
1404 696 1473 733 ex
1492 680 1596 733 illis
1615 679 1855 747 Dionysii
1877 678 2052 732 verbis
2073 677 2202 734 nihil
2224 678 2288 731 de
2310 680 2598 749 plenilunio
2621 679 2899 748 colligitur.

570 765 644 820 Ut
663 767 802 820 enim
824 767 1001 820 lunam
1024 772 1149 818 tunc
1172 761 1505 836 ἂμφίιιουρτον
1526 764 1692 818 fuisse
1715 763 1928 828 demus,
1958 780 2080 818 cum
2113 780 2178 818 ea
2208 769 2332 835 post
2360 762 2710 834 ἐπιπρόσθησιν
2732 763 2902 834 pristi-

571 868 701 906 num
723 851 787 904 ad
809 852 984 904 locum
1005 851 1378 920 regrederetur,
1410 867 1503 920 per
1535 866 1653 903 eam
1676 850 1807 906 coeli
1827 850 2040 920 plagam
2064 865 2199 920 quae
2221 851 2322 904 seli
2343 865 2412 903 ex
2436 849 2655 904 adverso
2677 854 2794 903 exat
2811 867 2903 921 op-

570 938 742 1007 posita
764 937 1031 990 transiisse
1053 937 1227 990 solnm
1249 935 1454 1000 dicitur,
1482 952 1587 988 non
1625 935 1680 988 in
1713 951 1777 988 ea
1809 936 2124 990 constitisse.
2170 935 2295 989 Plus
2319 936 2460 992 enim
2483 935 2752 990 dimidiato
2778 935 2902 988 orbe

532 1069 540 1090 ,
570 1023 836 1092 percurrit.
882 1020 1137 1086 Quocirca
1158 1019 1288 1074 nihil
1310 1025 1391 1073 est
1413 1020 1551 1090 quod
1574 1019 1876 1090 Epiphanii,
1907 1021 2140 1091 adeoque
2168 1022 2432 1075 communi
2453 1023 2790 1092 antiquorum
2814 1035 2903 1092 pa·

571 1114 707 1160 trum
732 1108 1020 1160 sententiae
1044 1106 1106 1160 de
1129 1123 1251 1160 vero
1274 1106 1534 1177 passionis
1558 1121 1696 1158 anno
1730 1106 2000 1175 negotium
2022 1106 2264 1160 facessat.
2332 1105 2482 1162 Nunc
2516 1107 2714 1162 autoris
2746 1107 2906 1161 verba
2929 1123 2936 1128 ·

572 1193 879 1262 singillatim
902 1191 1282 1263 expendemus,
1306 1193 1353 1245 si
1375 1191 1547 1262 prins,
1572 1191 1711 1260 qnod
1733 1192 2111 1261 propemodum
2135 1191 2425 1258 exciderat,
2451 1191 2654 1246 Onni'rii
2676 1209 2748 1245 ex
2765 1191 2904 1246 Gau·

571 1279 678 1332 rico
703 1278 1013 1332 sententiam
1037 1277 1100 1329 de
1120 1275 1310 1331 Christi
1330 1277 1573 1347 passione
1595 1276 1911 1332 refellamus.
1948 1278 2043 1330 Hic
2066 1278 2207 1333 enim
2229 1294 2351 1334 cum
2373 1294 2512 1332 anno
2535 1294 2686 1332 aerae
2707 1278 2904 1347 Diony-

572 1365 750 1418 sianae
781 1380 961 1416 xxxxv.
995 1363 1141 1418 illam
1174 1361 1423 1416 accidisse
1458 1362 1757 1427 confirmet,
1789 1363 1967 1416 Martii
2000 1380 2175 1428 xxvx„
2208 1364 2336 1417 luna
2366 1381 2544 1429 xvxxx„
2591 1379 2727 1434 quae
2760 1369 2905 1417 ante·

572 1449 785 1503 cedente
807 1463 1026 1518 vespera
1046 1447 1151 1500 iam
1174 1445 1420 1500 inchoata
1437 1447 1635 1512 fuerat,
1667 1447 1882 1502 ludaeos
1916 1449 2105 1502 asserit
2124 1450 2454 1503 neomeniam
2475 1465 2583 1503 non
2606 1464 2641 1501 a
2662 1449 2808 1504 coitu
2829 1449 2905 1502 lu-

572 1535 852 1590 minarium
866 1573 880 1598 ,
908 1531 999 1586 sed
1023 1548 1058 1585 a
1079 1533 1400 1586 corniculata
1421 1533 1598 1603 effigie
1621 1535 1878 1604 coepisse,
1913 1532 2010 1587 hoc
2033 1539 2116 1587 est
2135 1535 2288 1587 tertio
2311 1533 2396 1588 die
2417 1539 2539 1604 post
2559 1534 2904 1599 novilunium,

574 1620 713 1690 qnod
734 1638 809 1673 xx.
836 1618 918 1672 die
941 1618 1114 1672 Martii
1137 1619 1275 1671 circa
1297 1619 1424 1672 solis
1450 1634 1695 1676 occasum
1721 1619 2058 1674 commissum
2080 1625 2178 1675 est.
2217 1618 2362 1674 Unde
2386 1620 2554 1673 civilis
2575 1636 2762 1674 eorum
2783 1636 2906 1672 neo·

572 1706 749 1759 menia
764 1701 862 1755 ἀπὸ
881 1707 964 1770 τῆς
985 1701 1177 1773 φάσεως
1192 1704 1311 1756 iniit
1324 1704 1502 1758 Martii
1519 1723 1612 1758 xxx.
1649 1704 1814 1774 Igitur
1831 1703 2036 1758 decima
2051 1705 2236 1774 quinta
2250 1705 2465 1759 incurrit
2479 1706 2537 1759 in
2554 1723 2700 1761 xxvx.
2711 1704 2906 1759 Martii.

574 1791 715 1844 Haec
737 1788 1003 1844 Onui'rius.
1073 1788 1215 1852 Quae
1239 1805 1358 1842 cum
1381 1806 1449 1842 ex
1473 1789 1683 1843 Iudaica
1704 1788 1940 1844 doctrina
1967 1788 2210 1844 hausisse
2241 1807 2298 1844 se
2330 1790 2651 1861 profiteatur,
2679 1791 2908 1844 multum

574 1882 749 1929 tamen
770 1876 840 1928 ab
863 1890 927 1927 ea
948 1873 1257 1944 discrepant.
1301 1873 1483 1944 Neque
1505 1875 1648 1929 enim
1669 1876 1945 1929 neomenia
1966 1892 2087 1930 cum
2109 1871 2208 1927 ἀπὸ
2233 1878 2317 1943 τῆς
2341 1872 2538 1945 φάσεως
2568 1876 2906 1930 constituere·

575 1965 675 2025 tur,
706 1959 875 2013 triduo
900 1960 969 2014 ab
991 1976 1112 2013 vexo
1137 1960 1277 2013 coitu
1299 1975 1531 2030 unquam
1554 1960 1745 2025 abfuit,
1779 1960 1872 2014 sed
1898 1977 2002 2015 uno
2033 1960 2101 2014 ad
2131 1977 2394 2015 summam
2416 1961 2499 2015 die
2523 1967 2644 2032 post
2661 1961 2814 2016 illum
2839 1960 2907 2014 ci·

574 2047 693 2100 vilis
716 2046 994 2100 neomenia
1017 2044 1316 2100 denunciari
1338 2046 1567 2112 solebat,
1597 2053 1659 2099 ut
1688 2063 1756 2100 ex
1782 2046 1843 2100 R.
1861 2048 2011 2102 Mose
2033 2051 2263 2112 constat,
2298 2046 2363 2101 de
2391 2064 2498 2118 quo
2521 2045 2638 2101 vide
2667 2048 2907 2117 glossam

575 2149 691 2202 cap.
716 2151 753 2186 1.
775 2129 1055 2187 Kiddnsch.
1103 2132 1264 2201 Atqui
1287 2147 1427 2185 anno
1448 2132 1539 2184 illo
1562 2148 1743 2186 xxxxv.
1767 2132 1914 2200 cyclo
1937 2134 2095 2186 lunae
2117 2149 2252 2197 xvx„
2284 2133 2412 2186 solis
2435 2151 2547 2198 xv„
2579 2132 2908 2187 novilunium

574 2233 757 2272 verum
776 2216 959 2270 incidit
979 2217 1035 2270 in
1056 2217 1232 2270 Martii
1252 2234 1324 2270 xx.
1338 2256 1353 2280 ,
1372 2214 1513 2269 horis
1537 2235 1568 2270 v
1592 2234 1714 2270 cum
1743 2217 1930 2271 triente
1959 2217 2070 2271 fere
2092 2234 2126 2271 a
2148 2217 2323 2272 media
2342 2224 2517 2284 nocte,
2550 2223 2667 2272 octo
2701 2218 2906 2271 circiter

574 2301 716 2358 horis
736 2308 858 2372 post
877 2302 1104 2356 mediam
1136 2302 1559 2355 coniunctionem
1589 2319 1726 2372 quae
1746 2319 1923 2357 veram
1957 2304 2238 2357 antecessit
2267 2303 2326 2357 in
2356 2304 2644 2358 meridiano
2665 2303 2908 2358 Hier-ow

572 2388 846 2457 lymitano.
916 2387 1085 2453 Quare
1106 2387 1303 2442 falsum
1324 2394 1406 2440 est
1426 2388 1577 2441 tertio
1601 2387 1813 2442 demum
1835 2389 1946 2455 die,
1979 2387 2080 2443 hoc
2110 2395 2194 2443 est
2223 2408 2317 2444 xxx.
2340 2389 2543 2456 Martii,
2576 2389 2904 2444 neomenia:

576 2490 693 2528 esse
714 2473 961 2528 defixam.

710 2558 775 2615 N.
798 2577 944 2614 xxvx.
990 2554 1180 2630 Πάσχει
1203 2556 1257 2611 δὲ
1279 2557 1327 2611 ἐν
1353 2563 1417 2630 τῇ
1436 2558 1532 2630 πρὸ
1559 2558 1678 2613 δέκα
1703 2559 1889 2632 τριῶν]
1943 2559 2100 2615 Nulla
2122 2561 2354 2631 Sibyllae
2374 2560 2504 2616 felia
2524 2576 2702 2633 neque
2717 2559 2907 2632 Sphin

576 2645 659 2718 gis
682 2647 983 2717 aenigmata
1015 2661 1137 2699 cum
1160 2661 1342 2699 eorum
1364 2662 1499 2715 quae
1520 2652 1809 2715 sequuntur
1833 2647 2146 2701 obscuritate
2167 2648 2390 2701 conferri
2409 2652 2658 2720 pos-unt,
2681 2662 2821 2718 quae
2840 2662 2907 2701 ne

574 2732 662 2787 ille
686 2731 897 2802 quidem
917 2730 1301 2785 eruditissimus
1322 2730 1722 2787 mathematicus
1745 2738 2016 2787 assecutus
2040 2738 2122 2786 est
2148 2733 2240 2803 qui
2267 2731 2408 2787 hunc
2440 2734 2650 2803 cyclum
2678 2733 2909 2787 solertis·

576 2818 707 2872 sime
729 2817 1024 2871 declaravit.
1090 2815 1353 2888 Imprimis
1377 2819 1518 2873 enim
1540 2817 1758 2873 Iudaeos
1783 2819 1858 2871 ait
1879 2814 2161 2886 ὑπιρβάσει,
2197 2816 2296 2872 hoe
2318 2825 2402 2873 est
2419 2818 2786 2884 translatione,
2818 2833 2908 2888 pa·

576 2903 703 2961 seha
723 2903 1077 2969 submovisse,
1109 2901 1374 2957 Christum
1394 2921 1518 2958 vero
1548 2920 1768 2975 passum
1796 2904 1925 2957 luna
1946 2922 2053 2958 xxv.
2087 2908 2332 2975 νυκτερινῇ
2366 2904 2506 2975 μέσῃ.
2578 2903 2788 2975 Optime
2807 2902 2907 2957 Ke-

574 2990 750 3061 plerus
770 2991 953 3044 lunam
972 2988 1057 3043 hic
1079 2988 1364 3043 Nicaenam
1387 2990 1650 3060 intelligit.
1719 2988 1914 3043 Passus
1946 2995 2027 3043 est
2057 2994 2259 3055 autem,
2291 2995 2350 3043 ut
2381 2990 2546 3044 credit
2565 2988 2904 3061 Epiphanius,

572 3070 692 3130 'xm-
714 3074 831 3130 Kal.
857 3076 1006 3144 Apr„
1038 3074 1095 3127 id
1127 3082 1209 3128 eet
1240 3075 1417 3128 Martii
1445 3092 1532 3129 xx.
1605 3074 1766 3144 Atqui
1799 3074 1924 3127 luna
1957 3079 2072 3127 tum
2103 3073 2360 3140 Nica-ena,
2400 3075 2584 3131 eodem
2616 3075 2906 3146 Epiphanio

578 3168 783 3225 autore,
816 3159 919 3213 fuit
939 3178 1080 3225 xm„
1115 3162 1215 3214 sub
1238 3176 1511 3230 vesperam
1533 3166 1706 3212 autem
1732 3161 1901 3230 eoepit
1921 3177 2056 3223 xxv„
2091 3175 2213 3214 cum
2234 3161 2289 3214 in
2311 3161 2457 3229 cyclo
2480 3160 2695 3215 Iudaico
2717 3160 2906 3214 vitioso

578 3251 719 3299 esset
741 3263 852 3311 xv„
876 3252 1123 3315 sequente
1148 3263 1253 3299 xvx.
1301 3244 1406 3298 Sed
1429 3242 1540 3297 καθ’
1564 3243 1827 3315 ὑπέρβασιν
1851 3246 1919 3299 ab
1940 3244 2126 3299 iisdem
2145 3264 2256 3300 xxv.
2277 3245 2418 3300 facta
2439 3253 2544 3311 eat,
2565 3262 2689 3301 cum
2710 3246 2768 3301 in
2787 3261 2908 3299 eam

577 3329 777 3403 pascha
794 3330 1132 3387 traiecissent.
1178 3330 1372 3385 Verum
1394 3330 1458 3383 de
1479 3329 1579 3384 hac
1600 3330 1885 3400 posteriore
1913 3330 2083 3401 accipi
2108 3348 2215 3385 non
2245 3336 2443 3402 potest,
2478 3333 2602 3401 quia
2633 3329 2905 3402 νυκπρινὴν

576 3416 725 3471 illam
745 3422 914 3471 vocat.
982 3415 1188 3469 Iudaeis
1210 3432 1334 3469 vero
1362 3421 1485 3486 post
1505 3413 1767 3486 μετάβασιν
1792 3433 1898 3469 xxv.
1924 3415 2075 3469 desiit
2092 3415 2149 3470 in
2172 3435 2284 3482 xv„
2315 3416 2535 3488 ideoque
2567 3417 2669 3471 fuit
2696 3414 2904 3487 ἡμηρινὴ

578 3518 665 3556 xv.
710 3501 848 3555 Fieri
868 3505 1045 3572 potest
1065 3507 1125 3554 ut
1145 3501 1560 3555 emendationem
1582 3500 1667 3554 hio
1689 3501 1835 3554 locus
1857 3501 2032 3571 potius
2057 3517 2216 3572 quam
2236 3502 2714 3573 interpretationem
2735 3501 2907 3572 requi-

577 3593 660 3642 rat
679 3587 1063 3659 legendumque
1086 3588 1179 3640 sit:
1211 3584 1571 3656 τριςκαιδικάτη
1600 3584 1800 3657 ἡμερινὴ
1829 3586 1982 3656 μέση,
2014 3585 2114 3641 hoc
2138 3593 2218 3641 est
2237 3588 2365 3641 luna
2380 3605 2525 3654 xm„
2549 3602 2684 3659 quae
2703 3587 2772 3641 ab
2788 3592 2905 3641 orta

579 3674 707 3729 solis
728 3673 937 3743 incipit,
967 3673 1201 3737 labente,
1235 3673 1340 3726 imo
1376 3673 1682 3743 psooetoziofl,
1718 3673 1818 3727 sub
1841 3672 2109 3727 meridiem
2130 3673 2371 3728 videlicet
2391 3673 2519 3739 diei,
2552 3690 2656 3744 quo
2688 3674 2904 3727 civiliter

575 3778 694 3815 xm.
714 3761 840 3814 luna
860 3764 1176 3813 numeratur.
1245 3756 1393 3821 Quod
1416 3759 1521 3813 nisi
1542 3759 1618 3812 ita
1639 3765 1742 3824 est,
1765 3756 1895 3812 nihil
1917 3759 2139 3812 occurrit
2157 3759 2332 3829 aptius
2349 3774 2511 3829 quam
2528 3758 2668 3830 quod
2682 3758 2904 3829 Keplero

577 3846 798 3918 placuit,
832 3845 1088 3899 decimam
1120 3848 1359 3914 quartam
1389 3843 1669 3897 Nicsenam
1701 3844 1874 3898 vocari
1898 3861 2039 3909 xm„
2076 3843 2215 3913 quod
2241 3845 2298 3898 in
2331 3860 2450 3898 eam
2470 3849 2678 3898 noctem
2701 3843 2906 3899 desinat

578 3948 614 3985 a
635 3948 740 4003 qua
762 3948 868 3986 xxv.
891 3931 1097 3983 initium
1121 3930 1345 3999 accepit,
1378 3929 1818 3999 quemadmodum
1847 3929 1958 3983 dies
1982 3939 2284 3999 azymorum
2306 3931 2373 3984 ab
2396 3931 2733 4001 evangelistis
2755 3944 2904 4001 para·

581 4034 732 4073 sceve
752 4017 871 4088 ipsa
889 4014 1183 4087 paschatis,
1213 4015 1324 4069 sive
1354 4015 1557 4069 decima
1584 4020 1772 4085 quarta
1793 4015 1988 4068 mensis
2009 4015 2300 4085 appellatur
2323 4015 2450 4068 κατὰ
2471 4013 2730 4086 πρόληψιν.
2802 4015 2905 4069 Sed

579 4109 693 4158 tum
718 4102 842 4173 μέση
866 4118 997 4168 vox,
1020 4102 1067 4154 si
1089 4101 1359 4154 meridiem
1381 4100 1667 4172 significet,
1692 4116 1878 4172 parum
1900 4107 2020 4171 apte
2042 4098 2355 4155 cohaerebit.
2418 4100 2537 4156 Non
2559 4101 2700 4154 enim
2721 4104 2807 4154 est
2824 4118 2904 4152 νυ-

582 4187 769 4259 κτερινὴ
792 4187 945 4258 μέση,
979 4203 1114 4257 quae
1144 4187 1356 4243 nonnisi
1385 4193 1506 4257 post
1524 4202 1794 4257 vesperam
1826 4186 2012 4256 coepit.
2080 4184 2186 4239 Sed
2218 4202 2390 4256 neque
2418 4186 2619 4241 medios
2641 4185 2709 4239 ad
2729 4192 2904 4241 motus

580 4274 957 4329 astronomicos
988 4288 1108 4326 mee
1138 4272 1400 4326 sententia
1429 4273 1663 4342 respexit
1693 4270 2030 4343 Epiphanius.
2098 4269 2450 4335 Quamobrem
2481 4271 2540 4325 τὸ
2565 4271 2690 4343 μία-η
2720 4273 2906 4327 abssas

581 4374 674 4430 per
696 4375 781 4413 me
804 4358 1012 4429 quidem
1032 4363 1223 4429 potest.

718 4443 1003 4513 Προααβον
1026 4440 1151 4514 γὰρ,
1176 4443 1258 4495 καὶ
1279 4438 1503 4513 {pavea}
1571 4442 1669 4496 Hic
1697 4442 1785 4496 ille
1814 4441 1982 4496 nodus
2016 4448 2099 4497 est
2117 4442 2491 4514 propemodum
2511 4443 2902 4508 inextricabilis,

585 4543 743 4599 quem
765 4529 1095 4583 acutissimus
1117 4530 1206 4582 ille
1225 4527 1620 4582 mathematicus
1642 4544 1750 4581 non
1773 4527 2022 4582 dissolvit.
2068 4528 2157 4581 Sic
2179 4530 2321 4583 enim
2342 4530 2733 4599 interpretatura
2762 4527 2902 4585 Chri-

586 4620 701 4668 stus
723 4629 843 4667 cnm
864 4613 1068 4667 iudaeis
1094 4613 1404 4684 quibusdam
1436 4610 1635 4683 pascha
1664 4613 1795 4667 obiit
1813 4614 1938 4667 luna
1960 4613 2168 4669 Iudaica
2188 4615 2380 4670 vitiosa
2397 4625 2783 4683 xxm-exeunte,
2815 4612 2902 4668 Ni-
