3185 5219
2319 387 2593 445 ooxovu

274 540 579 614 appellatur,
611 541 723 596 sive
755 542 931 612 ampla
962 546 1017 595 et
1044 543 1234 612 ingens
1266 559 1390 596 area
1421 540 1705 596 subdivalis
1740 547 1795 596 et
1826 542 2077 612 ὕπαιθρος.
2124 541 2430 600 Cuiusmodi
2450 561 2594 615 pros·

274 625 464 682 ouchss
497 626 661 680 fuisse
691 625 841 680 docet
867 626 1200 698 Epiphanius.
1267 627 1431 682 Erant
1461 628 1578 681 loca
1612 628 1869 697 quaedam
1900 633 2084 698 aperta
2103 643 2166 680 ac
2197 628 2311 682 sine
2342 634 2505 696 tecto,
2539 631 2596 686 ia

277 728 406 783 quae
428 712 612 766 orandi
634 728 819 765 caussa
841 714 1234 769 conveniebant.
1282 713 1455 767 Tritus
1480 719 1561 767 est
1582 714 1841 767 luvenalis
1863 714 1950 766 ille
1974 730 2153 768 versus
2176 730 2205 767 e
2228 713 2339 770 Sat.
2358 734 2436 771 m.

676 798 792 851 Ede
813 799 901 850 ubi
923 802 1196 863 consistas,
1219 803 1274 851 in
1295 817 1396 868 qua
1421 809 1467 851 te
1488 819 1677 870 quaero
1692 799 2001 869 proseucha.

274 884 350 939 Ad
372 900 534 955 quem
555 889 706 937 vetas
727 882 1032 938 scholiastes
1054 884 1228 938 locum
1250 902 1364 938 esse
1387 890 1647 939 memorat
1667 885 1732 938 ad
1755 900 1911 955 quem
1935 889 2199 940 convenire
2220 888 2449 952 edebant
2460 906 2595 948 mn-

277 972 383 1023 dici
402 972 480 1022 ad
498 972 680 1039 stipem
693 972 990 1039 petendam:
1026 972 1123 1022 alii
1155 972 1446 1034 tabernam,
1473 974 1530 1022 in
1552 991 1653 1041 qua
1672 989 1930 1040 pauperes
1951 975 2142 1023 vivant.
2187 971 2364 1024 Addit:
2402 984 2451 1025 et
2471 993 2595 1042 pro·

275 1055 462 1108 melta
487 1056 626 1106 locus
649 1055 956 1108 Iudaeorum
977 1056 1065 1107 ubi
1086 1065 1248 1109 erana
1294 1056 1454 1109 Extat
1486 1072 1550 1109 ea
1574 1071 1679 1109 vox
1700 1056 1879 1109 multis
1912 1056 1969 1108 in
2001 1056 2131 1110 locis
2164 1056 2303 1126 apud
2324 1056 2595 1112 Philonem

275 1141 330 1193 in
349 1140 598 1194 Flaccum
620 1144 674 1193 et
693 1139 901 1207 Caium,
923 1140 1201 1211 Iosephum
1222 1142 1311 1195 lib.
1336 1142 1399 1195 de
1419 1141 1537 1196 Vita
1558 1157 1669 1195 sua.
1709 1141 1908 1196 Romae
1929 1142 2137 1211 quidem
2150 1181 2163 1207 ,
2189 1143 2278 1195 ubi
2297 1143 2595 1212 frequentes

277 1231 423 1280 eraut
441 1225 623 1280 ludaei
643 1230 698 1279 et
718 1241 840 1279 vere
862 1226 1242 1292 mendicantes,
1265 1227 1580 1298 proseuchas
1602 1227 1895 1297 complures
1918 1227 2140 1280 fuerunt.
2180 1227 2316 1282 Nam
2336 1235 2392 1280 et
2413 1228 2594 1282 eadem

274 1312 330 1365 in
359 1311 554 1381 Satyra
584 1310 839 1365 Iuvenalis
870 1317 1122 1383 occupata
1154 1313 1359 1366 illorum
1386 1311 1818 1379 habitationibus,
1853 1318 1930 1378 et,
1962 1319 2023 1367 ut
2043 1313 2286 1367 credibile
2309 1319 2414 1379 est,
2450 1330 2595 1384 pros-

277 1395 452 1451 euchis
477 1413 627 1450 sacra
649 1396 910 1467 quondam
930 1398 1092 1451 fuisse
1115 1399 1232 1451 loca
1254 1399 1601 1468 conqueritur.

681 1482 835 1535 Nunc
856 1487 1001 1535 sacri
1009 1487 1177 1552 sontis
1200 1501 1368 1535 nemus
1389 1493 1438 1534 ct
1460 1484 1673 1536 delubra
1697 1486 1930 1536 locantur

682 1569 915 1631 Iudaeis,
940 1588 1145 1638 quorum
1171 1569 1415 1638 cophinus
1423 1572 1723 1638 foenumque
1745 1571 2016 1639 suppellex.

685 1653 855 1706 Omnis
878 1659 1008 1706 anim
1027 1656 1212 1725 populo
1235 1656 1509 1706 mercedem
1527 1657 1753 1723 pendere
1776 1659 1919 1707 iussa
1943 1666 2016 1708 cst

681 1741 875 1804 Arbor,
897 1751 946 1792 et
967 1744 1140 1793 eiectis
1163 1742 1420 1793 mendicat
1440 1741 1575 1792 silva
1602 1740 1879 1792 Camoem‘s.

264 1825 663 1880 Mendicitatem
682 1841 808 1894 ergo
823 1824 1130 1880 Iudaeorum
1151 1826 1407 1895 exagitat3
1434 1826 1615 1895 utique
1631 1841 1887 1880 verorum.
1924 1825 2070 1889 Quod
2090 1841 2156 1878 ne
2175 1826 2389 1880 dubium
2409 1828 2494 1892 sit,
2518 1828 2602 1881 vel

277 1910 362 1963 hic
383 1910 639 1964 Martialis
661 1927 839 1964 versus
862 1917 1170 1981 argumento
1196 1928 1310 1964 esse
1333 1915 1519 1980 potest.

682 1997 730 2046 A
760 2006 921 2050 mave
945 2000 1121 2050 doctus
1143 2015 1233 2050 uec
1257 2016 1445 2065 roqare
1469 1997 1710 2049 Iudaeus.

275 2083 420 2137 Adeo
441 2082 634 2136 falsum
658 2088 736 2135 est
757 2099 862 2135 non
885 2083 1207 2136 mendicasse
1230 2083 1462 2137 Iudaeos.
1507 2081 1649 2136 Idem
1673 2082 1931 2136 Iuvenalis
1954 2082 2061 2138 Sat.
2085 2089 2153 2137 vr.

684 2167 804 2219 Cum
829 2170 968 2221 dedit
987 2171 1084 2220 illa
1108 2171 1294 2233 locum,
1320 2169 1532 2239 cophino
1542 2172 1793 2238 foenoque
1816 2170 2013 2221 relictis

682 2254 950 2305 Arcanum
975 2254 1176 2306 Iudaea
1202 2264 1412 2306 tremens
1433 2260 1783 2306 immurmurat
1811 2273 1985 2306 aurem

682 2339 944 2408 Inter-pres
966 2341 1126 2408 lequm
1147 2339 1462 2407 Solymarum
1484 2349 1534 2393 et
1555 2358 1744 2409 magna
1768 2343 2019 2393 sacerdos

683 2424 918 2477 Arboris.

282 2507 444 2573 Quem
468 2512 638 2562 locum
662 2525 905 2563 enarrans
929 2516 1076 2564 vetus
1107 2512 1190 2564 ille
1224 2510 1525 2565 scholiastes
1567 2513 1734 2565 multa
1768 2529 1865 2565 sue
1900 2529 2043 2565 more
2078 2519 2306 2582 nugatur
2341 2518 2393 2564 et
2424 2513 2599 2567 nescio

282 2595 403 2669 quid
425 2595 490 2649 de
514 2595 677 2650 hortis
700 2596 878 2666 garrit,
902 2596 1039 2666 quod
1063 2614 1095 2650 a
1116 2598 1338 2669 cophino
1360 2597 1619 2668 foenoque
1642 2598 1798 2651 nimis
1820 2598 2048 2652 alienum
2072 2604 2167 2654 est.
2238 2597 2345 2653 Nec
2375 2599 2600 2653 melioris

281 2688 433 2734 notae
457 2689 537 2734 est
559 2682 696 2752 quod
718 2683 916 2747 adiicit,
950 2683 1324 2752 supellectilem
1358 2682 1490 2737 hanc
1525 2701 1664 2748 esse,
1702 2685 1793 2736 ubi
1825 2684 2172 2752 pulmentaria
2202 2701 2299 2737 sua
2331 2690 2384 2737 et
2405 2700 2600 2754 aquam

282 2767 502 2821 calidam
525 2767 608 2819 die
630 2768 833 2821 sabbati
856 2785 1059 2821 servare
1084 2776 1472 2823 consueverant.
1508 2769 1604 2821 Est
1626 2769 1752 2823 illud
1777 2767 1983 2837 quidem
2010 2784 2214 2833 verum,
2238 2768 2456 2822 Iudaeos
2481 2769 2599 2822 sab·

281 2853 389 2906 bau·
411 2854 662 2921 religione
687 2853 974 2921 prohibitos
996 2870 1060 2906 ne
1078 2853 1272 2906 cibaria
1289 2860 1570 2923 coquerent
1585 2870 1648 2907 ea
1664 2854 1829 2923 pridie
1845 2854 1944 2906 sub
1961 2869 2229 2923 vesperam
2248 2870 2600 2924 praeparasse,

280 2938 414 2992 uude
438 2955 712 3008 parasceve
736 2940 887 2991 dicta.
923 2940 1116 2991 Verum
1138 2954 1326 3009 aquam
1351 2941 1418 2992 ab
1442 2940 1545 2993 illis
1569 2940 1787 2992 calidam
1813 2939 1865 2991 in
1890 2944 2196 3007 sequentem
2213 2939 2349 2992 diem
2371 2940 2423 2993 in
2441 2940 2596 2993 foeno

280 3025 513 3094 potuisse
537 3025 752 3087 servari,
777 3025 828 3077 id
847 3041 966 3078 vero
989 3025 1259 3079 ridiculum
1286 3032 1377 3078 cst.
1415 3024 1548 3088 Quin
1575 3031 1628 3077 et
1648 3024 1776 3077 illud
1800 3025 2214 3090 observavimus,
2237 3025 2456 3079 Iudaeos
2479 3027 2597 3079 sab-

280 3111 416 3163 batis
441 3110 623 3163 calidis
644 3110 943 3180 potionibus
967 3111 1295 3166 abstinuisse.
1356 3112 1556 3164 Iudicat
1577 3110 1673 3164 hoc
1698 3111 1928 3164 Iustinus
1951 3110 2156 3179 dialogo
2180 3128 2299 3164 cum
2323 3111 2599 3183 Tryphone

281 3211 435 3265 quem
458 3197 534 3248 ita
556 3192 852 3265 compellat:
890 3194 1004 3265 μηδ’
1030 3193 1104 3247 ὅτι
1127 3197 1302 3266 θερμὸν
1329 3197 1525 3266 πίνομεν
1551 3194 1599 3248 ἐν
1625 3200 1726 3257 τοῖς
1752 3194 1969 3264 σάββασι
1995 3196 2147 3248 δεινὸν
2170 3195 2389 3267 ἡγεῖσθεε
2424 3198 2600 3268 Neque

280 3284 410 3350 quod
426 3300 610 3350 aquam
630 3283 857 3333 calidam
874 3283 1102 3335 sabbatis
1119 3285 1344 3334 bihamus
1361 3292 1661 3335 succensete.
1702 3283 1862 3335 Irasci
1885 3288 2027 3336 vetat
2048 3282 2294 3337 Iudaeum
2307 3323 2321 3348 ,
2346 3284 2483 3354 quod
2509 3302 2600 3355 per

281 3367 502 3420 sabbata
525 3366 746 3419 calidam
769 3367 1032 3437 potionem
1063 3366 1376 3422 adhiberent.
1445 3369 1584 3438 Ergo
1618 3369 1795 3422 Iudaei
1829 3369 1979 3421 aliter
2012 3369 2360 3424 instituerant.
2412 3371 2598 3424 Verum

281 3453 532 3505 reclamat
563 3451 826 3521 Ignatius,
862 3453 952 3521 qui
984 3453 1145 3524 Epist.
1171 3472 1250 3509 m.
1284 3454 1350 3506 ad
1383 3454 1563 3525 Magn.
1600 3455 1912 3507 contrarium
1948 3455 2164 3508 indicat:
2230 3452 2372 3506 Ἀλλ’
2398 3455 2600 3517 ἕκαστος

279 3536 420 3607 ἡμῶν
444 3536 780 3605 σαββατιζέτω
805 3541 1160 3607 πνευματικῶς,
1194 3539 1368 3607 μελέτη
1393 3542 1547 3610 νόμου
1571 3539 1778 3611 χαίρων,
1814 3538 1873 3590 οὖ
1899 3539 2128 3608 σώματος
2151 3538 2331 3609 ἀνέσει,
2367 3541 2601 3610 δημιουρ-

281 3623 388 3692 γίαν
413 3622 528 3674 θεοῦ
551 3621 829 3691 θαυμάζων,
862 3621 959 3693 οὐχ
993 3622 1125 3675 ἕωλα
1156 3623 1344 3693 ἐσθίων,
1381 3626 1460 3677 καὶ
1493 3624 1676 3696 χλιαρὰ
1701 3624 1867 3688 πίνων,
1905 3624 1985 3674 καὶ
2010 3625 2344 3694 μεμετρημένα
2368 3625 2598 3694 βαδίζων,

282 3708 360 3759 καὶ
384 3703 589 3778 ὀρχήσει
612 3708 692 3758 καὶ
717 3710 906 3777 κρότοις
929 3714 1041 3761 νοῦν
1067 3709 1155 3761 οὐκ
1180 3706 1347 3779 ἔχουσι
1370 3711 1574 3780 χαίρων.
1614 3711 1753 3779 Ergo
1773 3707 2079 3762 Iudaeorum
2103 3716 2155 3762 et
2171 3709 2599 3764 sabbatariorum

279 3799 391 3847 erat
411 3792 598 3863 χλιαρὰ
633 3793 794 3861 πίνειν,
830 3810 948 3847 cum
984 3801 1158 3848 tamen
1191 3796 1368 3865 ignem
1403 3797 1507 3849 nisi
1539 3811 1816 3865 aegrorum
1851 3810 2040 3847 caussa
2072 3812 2176 3848 non
2208 3796 2388 3848 liceret
2419 3810 2597 3849 accen-

279 3880 424 3943 dere3
449 3886 507 3932 nt
527 3880 582 3932 in
605 3879 775 3934 Tract.
801 3879 864 3933 de
887 3880 1118 3933 Sabbato
1141 3880 1530 3934 Thalmudistae
1554 3881 1763 3945 docent,
1788 3886 1841 3933 et
1862 3880 1921 3933 R.
1940 3880 2175 3934 Maimon
2198 3899 2234 3935 r.
2253 3886 2398 3950 parte
2422 3880 2513 3934 Iad
2535 3881 2599 3933 de

280 3964 530 4019 sabbato.
1119 4002 1128 4013 .

415 4047 560 4120 Ὅτι,
596 4050 756 4119 φησὶν,
789 4048 944 4102 ἐδόκει
975 4052 1126 4110 τόπος
1151 4054 1417 4121 προςευχῆς
1440 4047 1596 4119 sivan]
1668 4052 1817 4121 Apud
1852 4051 1912 4103 D.
1938 4051 2156 4117 Lucam,
2192 4049 2317 4104 ὅπου
2352 4048 2599 4119 ἐνομίζετο

281 4135 526 4205 κροςευχὴ
550 4128 683 4188 εἶναι.
731 4135 830 4189 Ubi
853 4135 1122 4206 προςευχὴν
1143 4153 1238 4207 pro
1260 4138 1374 4190 loco
1397 4137 1510 4207 ipso
1534 4137 1767 4207 plerique
1788 4137 2067 4208 accipiunt.

414 4221 478 4275 N.
502 4241 562 4275 11.
604 4219 857 4292 Τροπᾶιριὰ
879 4240 985 4273 τινα
1008 4220 1490 4290 κατασκευάσαντες]
1559 4222 1675 4276 Non
1711 4224 1867 4277 aliam
1896 4224 2147 4277 vocabulo
2182 4221 2302 4275 huic
2336 4222 2599 4275 notionem

282 4308 566 4362 attribuere
586 4309 850 4377 potuimus
873 4324 1032 4378 quam
1056 4313 1114 4361 ut
1135 4304 1232 4360 ἀπὸ
1257 4311 1342 4374 τῆς
1365 4311 1585 4378 τρόπιος,
1621 4325 1756 4379 quae
1790 4310 2018 4363 carinam
2052 4325 2157 4361 vox
2191 4306 2477 4377 significat,
2513 4307 2599 4360 de·

281 4394 550 4448 rivaretur.
597 4393 710 4445 Nisi
730 4392 864 4445 forte
887 4391 1097 4463 τοκᾶρια
1118 4412 1211 4464 pro
1234 4396 1471 4464 angustis
1496 4396 1772 4466 parvisque
1795 4396 1923 4448 locis
1946 4394 2225 4463 legendum
2247 4392 2419 4445 fuerit.

416 4476 795 4547 Καταλεγμάτιά
827 4483 971 4546 τινα]
1042 4480 1254 4534 Cernat.
1286 4478 1677 4551 καταληγμάτια.
1747 4480 1837 4533 Est
1873 4480 2010 4533 enim
2046 4475 2343 4547 κατάληγμα
2376 4492 2600 4542 carmen,

285 4565 392 4618 sive
425 4564 688 4617 canticum
722 4570 815 4616 aut
847 4566 1094 4618 celeuma.
1141 4566 1346 4622 Hieron.
1383 4567 1436 4620 in
1473 4583 1585 4635 cap.
1608 4583 1728 4618 xxv.
1753 4564 2066 4627 Hieremiae,
2098 4579 2231 4617 com.
2258 4563 2343 4618 30.
2378 4566 2599 4617 celem

287 4651 463 4704 scribit
485 4666 519 4701 a
541 4648 854 4718 Symmacho
876 4651 1008 4703 verti
1042 4648 1361 4721 κατάληγμα,
1397 4653 1465 4705 ab
1487 4651 1678 4722 Aquila
1712 4649 1915 4722 ἰασμόνς
1950 4665 2137 4719 nempe
2171 4665 2205 4703 a
2237 4664 2429 4720 pausa,
2463 4650 2600 4703 unde
