3185 5219
416 1423 458 1462 p.
479 1412 568 1454 145.

623 381 831 438 CXXX

621 555 708 592 xv.
757 537 1009 601 Quocirca
1030 536 1111 589 vel
1134 534 1443 590 indictiones
1464 533 1738 588 Romanae
1758 534 1867 588 iam
1888 539 2002 588 tum
2035 549 2069 587 a
2090 532 2331 587 Ianuario
2363 531 2638 587 inchoatae
2659 538 2786 587 suut
2827 537 2882 585 et
2900 533 2952 588 in

621 624 870 677 ultimum
902 622 1205 676 Decembris
1241 621 1379 674 diem
1413 620 1639 685 desitas,
1673 620 1759 672 vel
1793 636 1886 690 pro
1922 635 2070 674 nccr.
2102 619 2243 690 apud
2273 618 2475 673 Bedam
2497 633 2624 674 nec.
2659 618 2954 689 legendum,

622 708 1062 778 quemadmodum
1084 708 1278 777 legisse
1301 705 1610 760 scholiastes
1634 705 1853 770 videtur,
1887 706 1971 759 vel
1994 705 2215 774 denique
2237 704 2449 758 indictio
2473 721 2558 758 xv.
2583 721 2678 776 pro
2701 722 2813 760 ιη.
2835 705 2954 758 sub·

621 795 899 850 stituenda.
968 793 1116 858 Quod
1140 794 1185 846 si
1206 808 1335 848 noc.
1362 807 1560 845 annum
1581 791 1731 845 Beda
1761 790 1995 862 scripsit,
2031 797 2144 844 tum
2175 790 2356 861 utique
2379 808 2569 844 x-xmr.
2602 806 2742 844 auno
2779 791 2850 843 ab
2877 790 2956 843 in·

622 881 925 934 carnatione
957 895 1146 950 passus
1181 879 1281 932 erit
1313 877 1582 943 dominus,
1619 877 1806 930 aetatis
1831 894 1998 931 xxxu.
2033 878 2260 930 ineunte.
2327 875 2520 930 Paulus
2552 874 2952 947 Forosemprou.

618 967 709 1019 lib.
735 984 804 1020 nr.
829 965 1079 1018 Paulinae
1104 980 1251 1018 nccr.
1275 964 1484 1034 quidem
1518 980 1717 1016 annum
1747 964 1845 1017 hoc
1877 963 1932 1016 in
1956 961 2130 1016 Bedae
2152 963 2270 1015 loco
2292 963 2491 1033 posuit,
2524 961 2617 1015 sed
2650 978 2684 1016 a
2712 962 2957 1033 passione

620 1067 837 1106 ncsxix.
852 1091 865 1117 ,
890 1068 998 1104 nou
1017 1067 1274 1105 ncnxvnr.
1308 1050 1391 1103 Ex
1415 1066 1519 1120 quo
1542 1049 1772 1120 idipsum
1791 1047 1932 1118 quod
1948 1048 2104 1101 modo
2128 1047 2539 1118 significavimus
2562 1047 2790 1119 colligit,
2813 1046 2957 1101 Chri·

619 1143 759 1190 stum
793 1154 861 1190 ex
895 1137 1105 1191 illorum
1139 1136 1399 1190 sententia
1419 1151 1636 1206 passum
1661 1152 1777 1190 esse
1802 1135 1988 1188 aetatis
2012 1149 2151 1187 anno
2169 1152 2314 1188 1111.
2338 1149 2458 1187 cum
2480 1133 2648 1187 tribus
2668 1134 2956 1187 mensibus.

620 1223 824 1275 Etenim
850 1228 997 1288 anni,
1022 1223 1218 1293 inquit,
1255 1242 1289 1274 a
1305 1225 1550 1292 passione
1574 1232 1623 1274 et
1644 1225 2002 1274 incarnatione
2025 1222 2193 1273 eodem
2218 1222 2302 1272 die
2325 1220 2651 1284 inchoantur,
2676 1218 2772 1273 Ιιοο
2795 1231 2872 1273 est
2892 1219 2955 1272 ab

618 1327 732 1365 vm.
756 1308 883 1361 Kal.
910 1310 1043 1378 Apr.
1092 1308 1235 1376 Erqo
1268 1325 1466 1361 necesse
1502 1318 1573 1360 est
1604 1309 1874 1360 secundum
1900 1305 2098 1359 Bcdam
2131 1313 2281 1359 totum
2304 1306 2445 1357 illusa
2478 1323 2691 1370 aum,
2726 1310 2816 1375 qm·
2845 1315 2959 1358 erat

618 1410 763 1451 nccr.
790 1395 855 1448 ab
880 1399 1263 1457 incarnatione,
1289 1411 1394 1445 esse
1417 1413 1453 1445 a
1463 1396 1710 1462 passione
1727 1408 1945 1448 nourr.
1981 1391 2217 1445 Detrahe
2233 1394 2339 1443 iam
2357 1409 2518 1443 aanor
2535 1407 2738 1445 ncuxrx
2757 1411 2792 1443 a
2809 1405 2955 1454 noct,

618 1481 883 1534 restabunt
899 1484 1027 1532 antii
1042 1496 1193 1536 xxxn
1213 1481 1278 1531 ab
1298 1482 1656 1532 incarnatione
1674 1481 2065 1549 adpaesa'onem.
2100 1478 2353 1532 Deductis
2374 1477 2622 1529 mensibus
2641 1495 2816 1530 novem
2831 1494 2957 1547 pas-

619 1586 705 1619 sus
729 1577 804 1620 est
827 1567 1061 1619 Christus
1083 1583 1216 1618 anno
1239 1582 1385 1619 xxxx.
1412 1583 1523 1617 cum
1548 1566 1710 1617 tribus
1730 1565 1993 1617 mensibus.
2039 1563 2180 1617 Haec
2207 1564 2312 1617 ille.
2358 1562 2553 1618 Verum
2586 1567 2851 1633 repugnat
2879 1562 2956 1615 in·

620 1653 775 1706 dictio
790 1692 804 1717 ,
828 1652 930 1705 nisi
954 1652 1103 1704 aliter
1123 1651 1272 1704 locus
1297 1650 1614 1704 emendetur.
1650 1649 1732 1703 Ex
1754 1651 1820 1703 iis
1845 1649 2089 1703 omnibus
2105 1649 2424 1702 validissime
2443 1647 2617 1702 Bedae
2638 1648 2732 1701 illa
2753 1648 2956 1701 sanctio

617 1738 885 1807 refellitur,
912 1754 1017 1808 qua
1039 1754 1107 1790 ex
1131 1736 1380 1790 ecclesiae
1402 1735 1506 1789 fide
1524 1735 1788 1789 Christum
1803 1741 1959 1806 putat
1977 1741 2242 1789 mertuum
2267 1751 2405 1789 anno
2422 1753 2630 1800 xxxm,
2653 1733 2956 1803 vixhsoquc

620 1840 789 1877 annos
813 1841 1008 1887 xxxm,
1043 1838 1252 1876 menses
1275 1841 1353 1878 m.
1424 1821 1591 1886 Quam
1616 1821 1826 1892 quidem
1851 1821 2151 1892 opinionem
2174 1825 2414 1873 nemiuem
2436 1839 2516 1884 se,
2547 1824 2636 1890 quo·
2655 1821 2954 1890 quadras-ee,

618 1914 869 1980 reperisse
890 1908 1084 1962 Paulus
1108 1908 1456 1978 Middelburg.
1479 1907 1725 1972 affirmat,
1751 1907 1879 1978 quin
1902 1913 1957 1960 et
1977 1905 2176 1961 Bedam
2199 1922 2233 1960 a
2255 1922 2313 1961 se
2333 1906 2448 1977 ipso
2473 1905 2765 1970 dissentire,
2785 1905 2881 1975 qui
2901 1906 2954 1958 in

620 1994 874 2049 Chronico
890 2034 904 2059 ,
927 1995 1037 2048 sive
1059 1994 1150 2050 lib.
1178 1994 1242 2047 de
1264 1994 1375 2048 Sex
1392 1994 1688 2059 Aetatibus,
1711 1994 1951 2064 Augusto
1974 2008 2141 2047 annos
2166 2010 2254 2047 avr
2277 1997 2331 2046 et
2352 2008 2444 2046 sex
2467 2008 2677 2046 menses
2699 1992 2953 2062 assignat,

619 2086 733 2134 tum
757 2079 1019 2135 Christum
1044 2097 1183 2134 anuo
1216 2080 1358 2134 illius
1383 2096 1510 2133 xm.
1543 2080 1598 2132 in
1634 2078 1774 2133 hunc
1807 2078 2061 2132 mundum
2094 2079 2367 2133 advenisse
2398 2078 2602 2144 scribit,
2637 2094 2777 2131 anno
2799 2075 2953 2130 Urbis

618 2183 847 2232 nccmr„
872 2166 1079 2237 Olymp.
1101 2155 1441 2220 cxorvsanno
1465 2165 1644 2230 tertio,
1666 2180 1886 2235 passum
1908 2179 2030 2218 vero
2053 2164 2248 2219 Tiberii
2264 2181 2414 2219 xvm.
2459 2163 2608 2218 Unde
2629 2178 2953 2234 consequens

617 2259 701 2306 est
714 2253 913 2306 vixisse
936 2252 1035 2306 sub
1052 2253 1292 2321 Augusto
1311 2267 1478 2304 annos
1496 2268 1604 2314 m,
1626 2267 1836 2305 menses
1853 2268 1940 2317 1¹3
1962 2251 2061 2305 sub
2079 2250 2287 2305 Tiberio
2310 2267 2480 2305 annos
2496 2268 2633 2316 ινιτ,
2655 2266 2866 2304 menses
2883 2267 2952 2304 vr.

619 2338 950 2409 Colliguutur
973 2338 1099 2391 anni
1121 2355 1271 2391 xxm
1285 2376 1299 2401 ,
1322 2352 1531 2390 meuses
1553 2354 1618 2391 111
1640 2336 1707 2391 ab
1729 2336 2115 2402 incarnation03
2140 2352 2172 2389 a
2193 2337 2461 2391 nativitate
2486 2337 2612 2390 anni
2627 2353 2785 2400 xm,
2810 2352 2952 2390 men·

616 2441 701 2478 ses
724 2443 804 2480 111.
877 2423 1132 2488 Quocirca
1163 2428 1365 2477 veteres
1387 2422 1859 2492 Middelburgensis
1890 2423 2162 2477 existimat
2191 2421 2397 2477 Christo
2431 2424 2487 2477 in
2518 2435 2672 2477 carne
2705 2422 2952 2477 tribuisse

617 2525 783 2565 anuos
809 2527 981 2566 xxxm
1015 2508 1247 2564 noudum
1282 2509 1575 2575 absolutos,
1608 2511 1701 2562 sed
1730 2528 1830 2561 noa
1863 2512 1937 2562 ad
1959 2508 2139 2562 Bedae
2170 2527 2368 2562 sensum
2398 2513 2487 2579 qui
2508 2507 2600 2562 laos
2621 2517 2951 2562 annosam

615 2606 808 2649 uterum
833 2617 868 2649 a
894 2597 1063 2650 natali
1086 2603 1363 2666 computat,
1387 2594 1479 2649 sed
1500 2594 1599 2661 ita,
1622 2599 1684 2648 ut
1703 2595 1771 2649 ab
1792 2594 2150 2649 incarnatione
2172 2594 2290 2666 ipsa
2311 2599 2663 2649 numerentur.

752 2682 889 2736 Nam
913 2681 1052 2753 quod
1076 2682 1328 2736 ecclesiae
1361 2682 1640 2735 autoritate
1676 2682 1766 2752 qui
1800 2697 1919 2735 cum
1943 2680 2117 2734 Bedae
2151 2680 2467 2735 seutentiam
2497 2682 2646 2735 illam
2678 2680 2954 2735 adstruunt

615 2770 713 2823 niti
735 2786 794 2822 se
816 2768 1142 2841 profitentur,
1164 2767 1322 2821 velim
1347 2767 1551 2821 concilii
1576 2767 1797 2821 alicuius
1815 2767 2103 2833 decretum,
2127 2766 2228 2820 hoc
2250 2774 2332 2821 est
2349 2782 2683 2821 communem
2706 2767 2952 2821 ecclesiae

614 2870 822 2921 vocem,
858 2859 951 2908 aut
983 2854 1317 2925 antiquorum
1353 2858 1489 2907 certe
1512 2853 1728 2907 Petrum
1762 2858 2088 2909 constantem
2122 2854 2176 2906 in
2206 2854 2301 2907 illa
2328 2853 2523 2907 tuenda
2553 2853 2952 2907 consensionem

612 2941 904 3011 proferant,
951 2940 1090 3012 quod
1123 2956 1395 3011 nunquam
1430 2938 1645 2993 omnino
1679 2938 1961 3010 perficient.
2047 2938 2158 2993 Nec
2194 2938 2336 2993 enim
2373 2939 2616 3010 ignorare
2655 2954 2952 3010 possumus,

616 3032 934 3098 quantopere
957 3042 990 3079 a
1012 3042 1069 3079 se
1092 3026 1316 3080 invicem
1338 3024 1436 3080 ΡΡ.
1464 3029 1647 3079 omnes
1672 3041 1794 3078 cum
1816 3025 1872 3078 in
1894 3040 2032 3079 anno
2055 3025 2342 3096 passionis,
2379 3031 2493 3079 tum
2525 3025 2582 3079 in
2602 3024 2684 3078 die
2707 3025 2828 3096 ipso
2851 3024 2951 3078 dis·

616 3112 833 3165 sideant.
897 3112 1143 3164 Ireuaeus
1177 3111 1535 3181 apostolorum
1564 3110 1945 3181 propemodum
1976 3111 2209 3181 aequalis
2239 3111 2375 3164 inter
2404 3110 2869 3182 quadragesimum
2902 3115 2955 3164 et

617 3197 1115 3267 quinquagesimum
1147 3212 1347 3250 annum
1381 3196 1566 3249 aetatis
1604 3212 1730 3249 suae
1766 3211 1986 3267 passum
2025 3213 2143 3251 esse
2182 3197 2495 3251 salvatorem
2531 3198 2740 3262 asserit,
2774 3196 2866 3251 lib.
2894 3214 2952 3251 n.

616 3298 731 3352 cap.
748 3282 857 3347 39„
883 3282 1038 3352 idque
1061 3299 1120 3335 se
1144 3289 1198 3335 et
1220 3298 1288 3335 ex
1312 3281 1587 3351 evangelio
1613 3287 1667 3334 et
1685 3281 1898 3335 Ioannis
1923 3283 2277 3352 evangelistae
2305 3282 2596 3354 discipulis,
2621 3282 2761 3353 quod
2783 3297 2820 3335 a
2843 3296 2953 3335 ma-

616 3368 783 3437 gistro
807 3373 1138 3438 acceperant,
1160 3366 1402 3420 didicisse
1427 3365 1719 3422 confirmat.
1756 3365 1922 3430 Quem
1944 3367 2143 3422 Irenaei
2165 3369 2339 3422 lecum
2365 3385 2472 3422 non
2495 3374 2636 3422 recte
2655 3368 2713 3421 iu
2736 3367 2952 3421 Annali·

618 3454 715 3506 bus
740 3453 1062 3507 intellectum
1083 3451 1251 3506 video.
1296 3451 1505 3523 Negant
1535 3452 1676 3505 enim
1698 3453 1908 3522 penitus
1940 3451 2039 3507 boc
2070 3453 2136 3507 ab
2159 3452 2373 3507 Irenaeo
2410 3470 2525 3507 esse
2547 3454 2816 3525 scriptum.
2861 3451 2952 3506 Ni-

616 3540 808 3592 mirum
831 3539 1002 3591 aliena
1023 3553 1185 3592 manu
1202 3538 1456 3592 insertum
1472 3536 1650 3593 videri.
1687 3537 1847 3592 Cuius
1866 3539 2192 3593 coniecturae
2211 3555 2447 3593 caussam
2465 3538 2600 3593 hanc
2617 3538 2952 3611 potissimum

616 3624 864 3689 afferunt,
899 3624 1040 3694 quod
1073 3623 1258 3678 eodem
1292 3624 1459 3696 capite
1492 3624 1651 3695 paulo
1686 3629 1808 3678 ante
1842 3625 2158 3679 contrarium
2187 3624 2460 3696 profitetur
2482 3626 2804 3695 baptizatum
2834 3638 2952 3679 esse

616 3710 902 3775 Christum,
939 3726 1056 3763 cum
1077 3711 1453 3781 propemodum
1477 3727 1587 3763 xxx
1611 3716 1753 3764 esset
1774 3726 2054 3777 annorum,
2089 3727 2150 3765 ac
2170 3710 2389 3765 subinde
2410 3712 2513 3764 tria
2532 3709 2781 3782 paschata
2802 3726 2952 3781 pere-
3061 3730 3067 3735 ·

614 3798 783 3867 gisse‚
816 3812 1038 3867 quorum
1067 3796 1123 3849 in
1154 3796 1308 3849 tertio
1340 3797 1412 3850 sit
1442 3811 1647 3867 passus.
1693 3796 1817 3850 Ideo
1853 3797 1991 3867 quod
2025 3796 2357 3868 subiungitur
2377 3812 2579 3852 meram
2601 3798 2950 3869 imposturam

615 3899 730 3936 esse
753 3887 917 3953 putat.

751 3967 856 4021 Sed
879 3966 975 4021 hac
999 3968 1300 4022 coniectura
1331 3966 1461 4022 nihil
1494 3968 1561 4022 ab
1584 3968 1785 4022 Irenaei
1807 3974 1982 4024 mente
2005 3974 2059 4022 et
2079 3968 2341 4022 sententia
2360 3968 2492 4040 fingi
2515 3972 2690 4040 potest
2709 3969 2947 4023 alieuius.

613 4056 841 4110 Tantum
865 4053 1004 4107 enim
1029 4054 1179 4107 abest
1198 4060 1259 4108 ut
1278 4052 1407 4107 haec
1431 4053 1627 4108 Irenaei
1650 4054 1863 4125 propria
1883 4071 1990 4108 non
2019 4055 2149 4119 sint,
2183 4060 2241 4106 ut
2274 4054 2422 4107 aliter
2456 4070 2614 4124 quam
2646 4055 2693 4107 si
2723 4055 2799 4108 ita
2830 4071 2949 4109 sen-

612 4142 735 4194 tiret
756 4156 819 4194 ac
845 4139 1096 4193 scriberet
1124 4140 1263 4193 illius
1295 4139 1575 4210 procedere
1607 4138 1891 4210 disputatio
1925 4139 2070 4193 nullo
2103 4138 2261 4192 modo
2293 4140 2537 4210 potuerit.
2605 4139 2736 4211 Agit
2765 4141 2824 4194 in
2855 4141 2948 4194 illo

613 4227 728 4281 loco
764 4231 944 4281 contra
976 4225 1255 4280 Gnosticos
1287 4224 1549 4279 tricenarii
1578 4225 1783 4278 numeri
1804 4240 1865 4278 ac
1886 4224 2187 4294 pleromatis
2208 4230 2486 4294 patronos,
2520 4226 2611 4296 qui
2644 4243 2770 4281 xxx.
2808 4242 2948 4280 anno

612 4314 826 4367 ineunte
856 4313 1176 4383 baptizatum
1211 4310 1499 4376 Christum,
1533 4309 1716 4363 eodem
1740 4326 1862 4364 vero
1894 4326 2055 4375 anno,
2087 4326 2267 4363 mense
2291 4328 2384 4367 ιιι.
2415 4327 2632 4382 passum
2662 4327 2780 4365 esse
2812 4311 2950 4365 dice·

612 4398 756 4451 bant.
790 4397 935 4462 Quos
959 4415 1025 4451 ex
1050 4397 1259 4451 Ioannis
1282 4396 1553 4466 evangelio
1575 4396 1792 4459 refellit,
1817 4396 1870 4448 in
1893 4411 1998 4466 quo
2019 4395 2122 4448 tria
2137 4395 2376 4451 distincte
2397 4396 2648 4468 paschata
2667 4413 2950 4451 numeran-

613 4489 717 4538 tur.
753 4483 871 4537 Non
888 4484 1050 4553 igitur
1068 4499 1172 4537 uno
1197 4497 1335 4535 anno
1359 4481 1742 4553 praedicatione
1764 4481 1973 4534 functus
1996 4486 2090 4534 est.
2124 4478 2303 4553 Neque
2319 4499 2443 4537 vero
2458 4483 2560 4537 tria
2571 4484 2680 4536 ista
2695 4482 2952 4554 paschata

612 4568 692 4621 sic
716 4569 891 4622 attulit
912 4570 1180 4633 Irenaeus,
1214 4574 1275 4621 ut
1294 4584 1401 4621 non
1423 4567 1575 4637 plura
1598 4566 1863 4621 Christum
1883 4567 2113 4621 obivisse
2136 4568 2385 4634 crederet,
2421 4569 2515 4623 sed
2537 4568 2678 4640 quod
2701 4568 2844 4641 apud
2865 4570 2948 4623 Ic-

615 4669 805 4707 aunem
827 4654 1025 4724 liquida
1047 4654 1139 4707 illa
1161 4658 1215 4707 et
1236 4668 1487 4724 expressa
1507 4654 1770 4724 leguntur,
1794 4668 1860 4708 cx
1895 4653 1960 4707 iis
1991 4653 2176 4707 saltem
2209 4653 2272 4706 ad
2305 4655 2514 4709 tertium
2545 4671 2714 4725 usque
2747 4673 2946 4711 aunum
3021 4720 3026 4727 ⁵
