3185 5219
2367 415 2561 473 xcvn

244 569 353 636 erit,
375 569 500 624 solis
524 587 606 636 x„
629 569 787 624 lunae
810 587 895 635 n.‚
918 567 1095 624 indict.
1122 586 1191 623 tv.
1238 566 1441 623 Natalis
1463 585 1589 624 vero
1614 568 1808 624 Ohristi
1829 569 1956 623 solis
1978 587 2079 635 ιι,
2111 570 2267 628 lunae
2291 589 2328 626 r.
2344 611 2359 636 ,
2381 571 2560 626 indict.

242 653 398 710 sKal.
420 653 535 708 Ian.
557 673 638 710 111.
688 654 807 708 Non
838 660 1015 725 potest
1044 660 1223 709 autem
1252 654 1443 726 triplex
1473 653 1559 709 hic
1590 659 1886 726 postremus
1920 654 2187 708 character
2220 657 2370 712 alteri
2401 673 2561 728 quam

241 755 351 794 ην.
384 739 587 794 Iuliano
621 740 809 806 tribui,
846 740 1049 812 Olymp.
1074 755 1254 795 cxciv·
1289 755 1427 794 anno
1453 758 1523 794 rv.
1558 742 1793 804 labente,
1829 739 1983 794 Urbis
2018 740 2217 795 Romae
2251 758 2284 793 a
2308 741 2561 797 Palilibus

239 825 560 880 Varronianis
579 840 805 881 nocam,
818 865 832 890 ,
853 825 907 879 id
926 826 1089 896 quod,
1114 827 1161 879 si
1184 831 1323 880 recte
1346 826 1618 897 superiora
1632 826 1806 897 posita
1822 831 1969 890 sunt,
1992 827 2287 880 necessario
2310 829 2561 898 sequitur.

239 909 585 965 Praetermitto
620 910 806 965 sideris
838 913 1105 983 utriusque
1138 911 1454 965 defectiones
1499 926 1561 964 sc
1595 912 1824 982 reliquos
1857 927 2115 966 annorum
2146 910 2470 968 characteres
2500 930 2563 967 ac

237 1001 405 1061 notas,
438 997 630 1066 quibus
652 997 799 1050 velut
823 997 1138 1051 firmissimis
1172 997 1445 1069 praesidiis
1475 1002 1773 1068 temporum
1803 996 1932 1051 haec
1955 996 2190 1052 doctrina
2210 999 2468 1064 munitur;
2498 999 2563 1053 de

238 1082 414 1151 quibus
435 1082 702 1153 plerisque
722 1080 823 1136 hac
844 1087 1154 1154 tempestate
1178 1082 1328 1137 docte
1351 1089 1638 1152 secuteque
1661 1082 1996 1153 scripserunt.

361 1167 436 1222 Ae
458 1167 523 1221 de
547 1168 712 1237 cyclis
743 1174 798 1222 et
816 1168 870 1221 id
893 1184 1062 1238 genus
1084 1169 1203 1222 aliis
1231 1168 1554 1222 mentionem
1580 1167 1680 1221 hoc
1711 1168 1828 1222 loco
1863 1186 1932 1223 ne
1952 1164 2105 1223 litera
2125 1167 2336 1240 quidem
2357 1170 2562 1242 attigis-

236 1268 338 1306 sem
349 1291 363 1318 ‚
384 1254 491 1307 nisi
506 1269 540 1307 a
555 1253 825 1308 nonnullis
840 1259 1011 1307 totum
1027 1252 1126 1308 hoc
1143 1253 1415 1323 negotium
1433 1253 1718 1323 improbari
1733 1270 2024 1320 cernerem,
2049 1270 2110 1308 ac
2131 1261 2386 1325 tanquam
2407 1257 2562 1310 inane

231 1342 383 1407 etque
402 1340 638 1393 otiosum
658 1338 830 1393 rideri.
874 1339 995 1393 Vidi
1025 1354 1126 1408 ego
1157 1354 1325 1409 nuper
1359 1339 1450 1410 qui
1481 1337 1606 1392 huic
1633 1337 1880 1394 methodo
1903 1339 2108 1410 pondus
2131 1356 2192 1393 ac
2213 1340 2372 1394 fidem
2395 1342 2459 1395 iis
2482 1357 2563 1395 rs-

237 1423 454 1478 tionibus
477 1423 790 1479 detraheret.
834 1423 1067 1478 Primum
1090 1424 1355 1493 cyclorum
1378 1425 1634 1478 incertam
1665 1425 1842 1478 aiebat
1872 1441 1987 1479 esse
2020 1424 2437 1496 dispositionem,
2472 1443 2564 1481 ne-

237 1523 329 1577 que
359 1524 664 1581 quenquam
694 1526 860 1564 unum
894 1526 1015 1564 cum
1046 1510 1211 1564 altero
1244 1511 1547 1565 convenire:
1584 1509 1721 1580 quod
1755 1511 1845 1564 alii
1877 1510 1980 1564 alio
2003 1510 2130 1564 solis
2154 1526 2215 1565 ac
2236 1512 2393 1566 lunae
2415 1513 2562 1582 cyclo

234 1592 538 1650 fsbdcsmm
561 1597 728 1650 velint
747 1596 1063 1651 universnm.
1099 1595 1205 1649 Sed
1222 1595 1343 1649 huic
1365 1594 1518 1649 facile
1543 1612 1576 1647 s
1597 1595 1752 1649 nobis
1777 1596 2076 1650 occurritur.
2112 1595 2277 1651 Nemo
2304 1605 2384 1651 est
2405 1598 2563 1664 enim,

236 1680 320 1749 qui
340 1680 550 1750 quidem
576 1681 679 1735 duo
702 1697 765 1735 sc
787 1681 889 1735 tria
909 1697 1184 1736 numerare
1205 1681 1387 1751 possit,
1411 1681 1500 1751 qui
1522 1680 1579 1734 in
1598 1680 1928 1751 Dionysiana
1951 1682 2260 1753 vulgarique
2281 1684 2453 1737 forma
2474 1697 2563 1753 cy-

237 1764 336 1819 clos
357 1765 507 1820 aliter
530 1771 803 1837 computet
824 1782 982 1836 quam
1005 1767 1176 1837 quivis
1209 1784 1239 1820 e
1261 1767 1439 1837 vulgo.
1506 1765 1686 1820 Potest
1719 1766 1928 1837 quidem
1963 1768 2019 1821 in
2053 1784 2334 1834 annorum,
2370 1770 2461 1839 qui
2494 1769 2562 1822 ab

236 1849 351 1904 orbe
372 1850 584 1905 condito
607 1848 809 1905 fluxere
823 1891 837 1916 ,
870 1868 1087 1906 numero
1121 1852 1252 1906 alter
1284 1852 1352 1905 ab
1386 1852 1550 1905 altero
1574 1851 1867 1909 dissentire.
1918 1851 2021 1907 Sed
2055 1853 2146 1924 qui
2168 1853 2231 1907 de
2256 1855 2408 1908 annis
2429 1855 2564 1908 inter

235 1949 289 1989 se
309 1936 670 2002 convenerint,
690 1936 751 1991 in
770 1935 957 2005 cyclis,
991 1937 1098 1991 nisi
1116 1936 1342 2008 pecudes
1366 1938 1496 2001 sint,
1531 1937 1847 1990 conveniant
1867 1953 2080 1992 necesse
2104 1944 2200 1993 est.
2247 1937 2418 1992 Habet
2438 1955 2562 1993 vero

236 2035 477 2091 magnum
499 2038 567 2076 ea
587 2038 671 2077 res
696 2021 763 2076 ad
785 2037 952 2076 annos
975 2021 1289 2077 evolvendos
1314 2039 1468 2076 usum
1503 2028 1557 2076 et
1591 2023 2063 2093 opportunitatem,
2096 2029 2157 2077 ut
2189 2041 2222 2076 a
2254 2025 2422 2095 teipso
2453 2042 2563 2079 non

237 2104 476 2162 dissidens
489 2147 505 2171 ,
533 2112 593 2161 ut
612 2122 872 2162 annorum
888 2108 1193 2172 varietates,
1218 2123 1351 2179 quae
1367 2113 1493 2162 sunt
1507 2125 1604 2180 pro
1621 2108 1896 2162 nationum
1914 2107 2211 2163 diversitate
2234 2110 2564 2181 multiplices,
2648 2147 2659 2159 .

237 2197 420 2248 mium
442 2192 509 2247 ad
531 2193 773 2263 regam
799 2208 1146 2264 normamque
1180 2193 1403 2264 dirigas,
1435 2198 1496 2248 ut
1525 2195 1595 2248 ab
1628 2194 1991 2248 astronomicis
2025 2195 2474 2249 observationibus
2508 2196 2564 2249 in

235 2277 584 2349 persequenda
600 2284 897 2349 temporum
915 2277 1262 2348 descriptione
1279 2296 1383 2333 non
1402 2277 1697 2333 abhorreas.
1732 2278 1939 2333 Etenim
1963 2278 2008 2331 si
2028 2280 2156 2333 anni
2172 2278 2359 2334 Iuliani
2379 2281 2562 2348 forma,

238 2379 361 2432 quse
381 2369 504 2435 post
524 2363 734 2435 aliquot
754 2379 1012 2417 annorum
1033 2363 1201 2416 millia
1222 2368 1429 2435 recepta
1451 2364 1575 2430 fuit,
1611 2369 1817 2436 propter
1844 2364 2266 2419 commoditatem
2298 2367 2366 2420 ab
2396 2367 2562 2421 omni-

239 2447 325 2501 bus
341 2448 492 2504 hodie
514 2448 849 2520 chronologis
873 2448 941 2503 ad
963 2448 1225 2503 anteriora
1246 2450 1404 2502 etiam
1426 2455 1665 2520 tempora
1696 2456 1967 2502 revocatur
2001 2449 2067 2502 ad
2090 2467 2311 2521 eamque
2332 2452 2562 2506 referun-

237 2538 314 2588 tur
333 2535 442 2590 iure
464 2540 730 2601 caeterae,
761 2551 854 2590 cur
884 2551 992 2590 non
1025 2535 1081 2588 in
1110 2535 1268 2603 cyclis
1298 2550 1551 2605 usurpare
1582 2534 1723 2588 idem
1744 2535 1952 2589 licebit?
1999 2535 2272 2599 Quaeritur
2294 2555 2398 2608 quo
2423 2555 2560 2591 anno

238 2619 393 2691 Cyrus
414 2622 471 2675 in
493 2622 709 2677 Perside
731 2635 952 2693 afflare
974 2622 1219 2693 coeperit.
1263 2619 1456 2675 Audies
1478 2637 1512 2675 a
1533 2620 1865 2691 chronologis
1889 2636 2028 2675 anno
2051 2623 2219 2693 primo
2245 2624 2453 2696 Olymp.
2477 2644 2560 2680 nv.

236 2706 502 2777 inperium
536 2708 755 2779 cepisse.
811 2707 916 2763 Sed
951 2724 1071 2762 cum
1101 2706 1435 2777 Olympiades
1469 2708 1536 2760 sb
1568 2707 1767 2761 aestivo
1798 2707 2018 2761 solstitio
2050 2708 2252 2774 ineant,
2286 2715 2462 2764 utrum
2499 2710 2562 2766 de
2633 2762 2648 2779 ,

236 2792 483 2861 prioribus
500 2811 574 2849 vr.
596 2793 723 2849 anni
743 2794 884 2851 illius
906 2794 1204 2858 mensibus,
1228 2808 1297 2847 sn
1313 2791 1378 2847 de
1400 2792 1776 2863 posterioribus
1791 2793 2089 2862 loquantur,
2112 2792 2213 2848 hoe
2234 2802 2316 2849 est
2337 2795 2402 2849 de
2423 2811 2562 2850 anno

236 2878 421 2946 periodi
450 2878 686 2933 Iulianae
708 2878 889 2943 4154„
923 2895 992 2933 an
1013 2877 1192 2942 4155„
1223 2876 1385 2933 nihilo
1418 2878 1594 2948 magis
1625 2893 1900 2948 agnosces.
1950 2876 2101 2942 Quod
2133 2879 2181 2932 si
2212 2877 2562 2950 chronologus

236 2961 338 3027 ills,
369 2964 610 3061 quisquis
642 2972 749 3031 est,
784 2964 958 3034 cyclos
993 2963 1268 3030 addiderit,
1302 2964 1481 3018 statim
1502 2968 1620 3018 utro
1644 2979 1784 3017 anno
1818 2963 2017 3018 factum
2042 2963 2235 3019 dixerit
2265 2966 2561 3021 necessario

357 3090 572 3191 Δηὼ.»
593 3135 649 3189 in
671 3150 811 3191 anno
832 3134 1011 3205 aliquo
1043 3136 1273 3207 primum
1306 3133 1442 3204 cycli
1472 3132 1634 3188 defixi
1667 3150 1784 3189 esse
1819 3133 2034 3201 debent,
2069 3152 2173 3206 quo
2209 3153 2279 3190 ex
2312 3153 2451 3192 anno
2483 3155 2563 3192 re·
2645 3108 2688 3167 Ἰ

236 3217 489 3288 liquorum
532 3220 668 3289 cycli
707 3219 985 3290 pendeant.
1057 3222 1109 3275 Is
1140 3225 1319 3275 autem
1352 3235 1522 3290 neque
1556 3236 1627 3273 ex
1655 3221 1913 3291 scriptura
1953 3237 2124 3291 neque
2150 3222 2361 3277 aliunde
2390 3229 2566 3295 potest
2653 3246 2663 3259 κ

237 3305 418 3374 colligi.
464 3305 617 3361 Itone
639 3322 761 3361 vero
775 3311 800 3359 't’
844 3305 923 3361 De
945 3306 1109 3376 cyclis
1132 3308 1267 3361 inter
1290 3303 1612 3359 Christianos
1637 3303 1788 3359 hodie
1811 3323 1920 3359 non
1942 3308 2212 3374 convenit,
2235 3310 2330 3379 qui
2351 3310 2564 3380 quidem

237 3405 563 3447 communem
590 3391 822 3447 matr-icis
853 3391 1129 3456 ecelesiae,
1164 3390 1264 3445 hoc
1297 3396 1379 3444 est
1399 3389 1694 3455 Romanae,
1726 3408 1883 3445 usum
1915 3392 2175 3446 retinent?
2229 3393 2346 3449 Non
2380 3412 2562 3450 omnes

236 3490 422 3531 anuum
446 3475 641 3531 Chr-ish·
661 3476 891 3533 natalem
921 3477 978 3530 in
1000 3478 1204 3546 cyclum
1235 3475 1362 3530 solis
1386 3494 1485 3542 rx„
1515 3476 1672 3531 lunae
1694 3494 1731 3530 1.
1756 3476 2064 3530 conferunt?
2112 3478 2239 3543 Quis
2263 3487 2343 3534 est
2367 3483 2456 3551 qui
2471 3521 2485 3547 ‚
2517 3482 2562 3535 si

236 3561 359 3615 alios
378 3562 434 3617 in
456 3562 565 3617 ists
584 3560 829 3617 merdo
853 3563 1029 3632 cyclos
1054 3562 1318 3626 statuerit,
1348 3578 1454 3615 non
1472 3562 1557 3615 vel
1589 3562 1658 3615 ab
1690 3561 1934 3631 logistica
1954 3562 2253 3618 refellatur?
2298 3566 2562 3620 Habemus

239 3646 389 3714 igitur
409 3648 466 3701 in
491 3663 618 3701 aera
636 3646 965 3716 Dionysiana
984 3652 1148 3701 statos
1173 3653 1227 3701 et
1244 3646 1384 3701 fixos
1417 3662 1676 3701 annorum
1709 3647 1912 3716 cyclos,
1944 3663 1979 3700 a
2008 3649 2198 3718 quibus
2232 3656 2339 3703 tam
2373 3652 2441 3705 sd
2473 3669 2561 3705 su-

238 3733 430 3800 periore
448 3746 613 3804 quam
634 3731 703 3787 sd
725 3731 974 3789 inferiora
993 3737 1233 3804 tempora
1253 3731 1496 3803 progredi
1516 3731 1862 3786 in.infinitum
1879 3733 2026 3786 licet:
2050 3750 2221 3804 neque
2243 3752 2459 3789 necesse
2483 3744 2564 3791 est

238 3815 285 3869 id
302 3833 371 3873 ex
393 3819 556 3875 ullius
594 3817 891 3875 testimonio
925 3818 1188 3888 scriptoris
1219 3818 1305 3871 vel
1332 3817 1514 3887 eclipsi
1545 3833 1613 3871 ex
1648 3817 1824 3888 aliqua
1854 3824 2118 3884 constare,
2151 3836 2272 3874 cum
2303 3838 2561 3876 consensu

237 3904 463 3959 omnium
495 3902 734 3959 stabilita
768 3903 837 3957 sit
860 3903 966 3959 ista
985 3901 1264 3959 methodus
1288 3909 1341 3957 et
1361 3902 1418 3955 in
1440 3918 1597 3955 usum
1621 3900 1859 3956 deducta.
1900 3902 2169 3959 Postremo
2192 3905 2320 3961 illud
2343 3908 2561 3977 opponi·

238 3991 330 4053 tur,
361 3987 505 4059 qnod
537 3987 607 4045 sd
636 3989 902 4057 cyclorum
933 4003 994 4043 ac
1026 3988 1330 4043 coelestium
1351 3987 1587 4043 omnium
1614 3987 1916 4057 φαινομένων
1939 3989 2242 4045 elevandam
2265 3990 2423 4045 fidem
2447 4008 2560 4062 per-

236 4072 374 4131 tinet.
419 4072 557 4130 Nam
592 4089 715 4129 eum
744 4073 963 4144 eclipdn
994 4073 1225 4143 aliquam
1246 4072 1460 4127 Tacitus
1480 4077 1634 4142 puta,
1666 4073 1751 4127 vel
1773 4073 1898 4139 Dio,
1931 4080 2070 4130 certo
2102 4090 2239 4130 anno
2273 4077 2560 4146 contigisse

238 4165 464 4225 sumt,
485 4157 677 4217 horum
693 4158 1007 4229 scriptorum
1024 4158 1380 4215 testimonium
1396 4156 1557 4211 fidem
1572 4175 1679 4211 non
1696 4158 1824 4213 facit
1841 4157 2071 4215 humans
2086 4162 2353 4214 maiorem.
2388 4161 2559 4225 Quare

239 4243 369 4313 quod
396 4244 631 4299 indidem
665 4245 891 4310 elicitur,
930 4249 1131 4299 tantam
1164 4242 1323 4298 habet
1353 4242 1739 4308 certitudinem,
1775 4251 1972 4312 quanta
2002 4245 2237 4299 historici
2267 4246 2408 4301 illius
2443 4264 2559 4302 esse

238 4335 422 4398 potest,
446 4331 539 4401 qui
559 4329 615 4383 id
636 4329 886 4400 affirmat,
919 4330 1189 4385 autoritas.
1236 4329 1317 4383 Ex
1342 4328 1529 4399 quibus
1555 4345 1664 4382 non
1685 4328 2014 4385 mediocriter
2034 4330 2274 4383 aberrare
2297 4333 2561 4386 contendit

238 4430 323 4469 eos
344 4432 527 4471 omnes
550 4415 643 4487 qui
664 4432 732 4470 ex
754 4414 1050 4470 istiusmodi
1080 4416 1235 4469 rebus
1260 4414 1729 4469 demonstrationes
1760 4414 2071 4484 pollicentur
2101 4422 2155 4467 et
2189 4416 2251 4468 de
2276 4416 2457 4472 diebus
2481 4425 2557 4473 at-

241 4516 340 4570 que
368 4502 510 4557 horis
544 4517 675 4555 sane
714 4500 933 4559 fidenter
968 4500 1341 4572 pronunciant,
1373 4505 1628 4566 tanquam
1660 4516 1825 4570 nuper
1859 4516 1928 4552 ex
1962 4499 2177 4553 deorum
2212 4504 2432 4557 concilio
2465 4511 2559 4560 aut

240 4584 592 4643 intermundiis
614 4586 826 4657 Epicuri
847 4584 1218 4641 descenderint.
1255 4583 1334 4638 Its
1358 4584 1497 4637 enim
1520 4584 1680 4638 iocari
1703 4585 1890 4649 veluit,
1915 4585 2053 4654 quod
2076 4602 2290 4641 necesse
2313 4607 2420 4644 non
2441 4590 2556 4644 fuit.

241 4668 424 4726 Verum
444 4672 572 4744 quid
604 4671 733 4726 illud
763 4679 872 4738 est,
906 4686 1128 4742 quaeso,
1162 4669 1300 4741 quod
1333 4670 1448 4723 istic
1480 4668 1671 4724 audio?
1717 4669 1832 4724 Non
1857 4670 2053 4725 habent
2070 4673 2557 4732 mathematicorum

334 4774 462 4826 corp.
479 4776 729 4818 Bsersseol.
746 4775 822 4816 111.
2107 4774 2154 4829 G
