3185 5219
511 380 739 441 CCLXII

510 541 736 611 dumque
758 541 1168 611 praescripserit,
1189 556 1258 594 ne
1279 554 1420 594 nnnc
1442 540 1652 612 quidem
1675 540 1936 595 celebrare
1960 542 2108 595 aliter
2128 542 2321 597 licebit.
2358 542 2559 613 Quippe
2570 543 2839 613 pascnan

510 626 631 680 festi
664 626 954 680 celebrandi
987 626 1243 680 rationem
1278 627 1498 680 ecclesia
1532 625 1789 680 catholica
1823 643 1880 681 se
1915 627 1982 681 ab
2017 628 2266 698 apostolis
2300 628 2564 698 accepisse
2585 634 2838 699 perpetuo

510 712 748 783 professa
778 719 880 776 est,
915 710 1066 765 Petro
1100 712 1357 783 imprimis
1384 728 1444 765 ac
1467 712 1630 766 Paulo
1654 713 2008 782 apostolorum
2028 713 2369 784 principibus.
2414 714 2599 783 Atqui,
2629 714 2677 767 si
2710 713 2837 767 Seur-

509 798 732 868 ligerum
765 796 1033 863 audimus,
1065 814 1172 850 non
1207 798 1377 851 solum
1410 798 1634 869 apostoli
1655 798 1863 852 Iudaico
1896 814 2041 851 more
2074 805 2126 851 et
2147 798 2347 851 decima
2368 805 2555 869 quarta
2576 798 2658 852 die
2680 801 2839 853 lunae

511 882 704 953 pucha
725 888 1018 936 constanter
1040 890 1283 953 egerunt,
1317 900 1423 937 non
1451 891 1625 937 autem
1651 884 1936 949 dominica,
1972 884 2074 938 nisi
2106 885 2162 937 in
2185 902 2293 940 xrv.
2314 884 2586 949 incideret,
2622 885 2715 938 sed
2744 900 2837 939 ne·

514 985 613 1039 que
637 969 783 1021 aliter
805 968 1169 1022 celebrandum
1193 985 1306 1022 esse
1331 969 1440 1023 suis
1464 970 1696 1023 ecclesiis
1712 969 2047 1024 tradiderunt.
2083 968 2217 1022 Nam
2241 970 2289 1023 si
2309 969 2363 1022 id
2384 970 2631 1040 egissent,
2655 986 2837 1024 eorum

512 1070 636 1107 sane
658 1055 853 1125 posteri
875 1070 981 1108 non
1000 1054 1267 1108 Iudaicum
1289 1056 1439 1108 illum
1461 1057 1617 1109 ritum
1636 1055 2166 1125 consuetudinemque
2190 1055 2501 1121 tenuissent,
2525 1072 2695 1127 neque
2719 1072 2837 1110 cen-

510 1145 623 1193 tum
645 1146 782 1193 totos
804 1155 970 1193 annos
996 1141 1584 1210 Τεσσαρεςκαιδεκατιτῶν
1614 1140 1851 1194 haeresin
1874 1146 2017 1194 totus
2040 1140 2363 1194 Christianus
2396 1141 2537 1195 orbis
2566 1147 2707 1195 esset
2729 1158 2838 1196 am-

510 1226 713 1296 plexus.
781 1225 961 1297 Neque
996 1226 1330 1279 condemnari
1351 1227 1428 1279 illi
1451 1242 1511 1280 ac
1532 1244 1627 1297 pro
1656 1225 1926 1280 haereticis
1958 1226 2138 1281 haberi
2170 1232 2476 1297 potuerunt,
2514 1228 2603 1297 qui
2634 1229 2691 1281 in
2724 1228 2836 1281 eius

512 1311 633 1365 festi
656 1311 1000 1365 celebratione
1013 1352 1027 1378 ,
1052 1312 1198 1366 cuius
1223 1312 1546 1365 autoritatem
1573 1312 1792 1365 ecclesia
1814 1312 1941 1366 solis
1964 1314 2031 1366 ab
2054 1313 2303 1383 apostolis
2332 1314 2542 1383 repetit,
2578 1313 2837 1383 apostolo-

512 1412 629 1451 rum
659 1397 902 1467 exempio
932 1404 1087 1467 atque
1118 1386 1406 1451 imitatione
1438 1399 1741 1452 niterentur.
1786 1397 1945 1468 Atqui
1966 1405 2171 1451 veteres·
2202 1414 2384 1451 omnes
2418 1404 2619 1468 patres,
2656 1413 2836 1452 omnes

513 1482 723 1553 synodi,
758 1498 890 1553 quae
926 1483 987 1534 de
1022 1484 1286 1536 communi
1319 1488 1373 1535 et
1400 1498 1430 1535 a
1463 1482 1715 1536 Romanis
1744 1484 2049 1554 praesertim
2081 1490 2237 1553 atque
2260 1484 2666 1538 occidentalibus
2694 1498 2838 1537 usur·

512 1575 636 1640 pato
659 1567 924 1639 paschatis
944 1569 1050 1621 ritu
1071 1569 1443 1634 meminerunt,
1477 1574 1568 1621 aut
1600 1568 1862 1622 decretum
1896 1568 2107 1639 aliquod
2131 1568 2435 1634 ediderunt,-
2457 1586 2562 1622 uno
2599 1585 2689 1622 ore
2716 1582 2837 1640 pro·

513 1654 740 1717 fitentur,
771 1653 904 1707 hanc
937 1654 1003 1707 ab
1028 1653 1275 1722 apostolis
1299 1653 1725 1708 consuetudinem
1749 1655 1981 1707 ecclesiis
2004 1654 2165 1707 fuisse
2186 1654 2459 1720 traditam3
2488 1670 2661 1726 neque
2692 1655 2841 1708 aliter

515 1756 582 1792 ex
605 1741 811 1793 illorum
835 1740 1125 1803 autoritate,
1152 1755 1308 1809 quam
1335 1740 1594 1793 dominica
1614 1740 1710 1805 die,
1732 1739 1888 1810 idque
1910 1746 2031 1811 post
2053 1742 2231 1793 lunam
2253 1758 2378 1806 xxv„
2401 1748 2454 1794 et
2476 1747 2534 1794 ut
2555 1757 2661 1793 uno
2680 1741 2838 1794 verbo

515 1825 706 1889 dicam,
731 1824 833 1877 alio
858 1840 1015 1894 quam
1039 1825 1107 1876 ab
1130 1823 1334 1877 Iudaeis
1357 1826 1642 1879 instituitur
1654 1840 1801 1879 more
1824 1840 1886 1878 ac
1907 1831 2143 1896 tempore
2163 1825 2530 1879 celebrandum
2554 1842 2687 1887 esse,
2722 1826 2839 1879 ffic-

513 1911 625 1964 nim
647 1908 906 1963 Nicaenus
927 1909 1016 1963 ille
1050 1925 1350 1975 consessus,
1388 1910 1477 1981 qui
1508 1911 1571 1964 de
1602 1908 1851 1982 paschate
1882 1911 2205 1965 sanctionem
2236 1911 2415 1977 edidit,
2451 1911 2574 1981 quid
2610 1911 2675 1964 de
2708 1913 2835 1965 rit-us

514 1996 652 2051 iliius
670 2000 924 2049 vetustate
942 1996 1175 2061 senserit,
1199 2010 1266 2048 ex
1286 1995 1613 2050 Constantini
1629 1997 1700 2050 M„
1719 1997 1940 2066 epistola
1964 1997 2149 2049 coniici
2171 2003 2356 2067 potest,
2381 2010 2540 2067 quam
2563 2012 2630 2050 ex
2656 1996 2842 2051 eodem

516 2081 735 2135 concilio
759 2082 982 2152 scripsit.
1025 2080 1200 2134 Refert
1220 2081 1366 2134 illam
1389 2081 1648 2135 Eusebius
1671 2082 1759 2138 lib.
1777 2099 1857 2137 nr.
1885 2082 1946 2134 de
1968 2081 2091 2134 Vita
2115 2081 2467 2147 Constantini,
2492 2088 2545 2135 et
2566 2099 2634 2136 ex
2658 2099 2721 2137 eo
2744 2083 2842 2136 So-

517 2171 710 2231 crates,
744 2165 1097 2220 Theodoretus
1128 2173 1180 2219 et
1203 2167 1308 2221 alii.
1378 2167 1437 2221 In
1464 2184 1566 2237 qua
1590 2183 1708 2221 cum
1731 2168 1788 2220 in
1808 2164 2029 2221 Iudaeos
2053 2182 2113 2220 ac
2135 2166 2331 2221 ludaici
2351 2167 2618 2238 paschatis
2640 2184 2840 2222 morem

516 2254 687 2306 acrius
722 2258 860 2306 esset
891 2253 1150 2317 invectus,
1186 2253 1289 2305 ista
1323 2253 1552 2306 subiicit:
1624 2249 1820 2314 Ἔξεστι
1842 2252 1937 2323 γὰρ
1962 2256 2050 2304 τοῦ
2074 2251 2267 2304 ἐκείνων
2291 2250 2453 2314 ἔθνους
2476 2251 2842 2322 ἀποβληθέντος

517 2336 814 2408 ἀληθεστέρα
835 2335 987 2407 τάξει,
1009 2338 1070 2403 ἢν
1094 2336 1146 2389 ἐκ
1169 2336 1365 2406 πρώτης
1390 2340 1478 2389 τοῦ
1502 2335 1685 2399 πάθους
1707 2336 1891 2408 ἡμέρας
1916 2335 2030 2408 ἄχρι
2055 2337 2135 2390 καὶ
2158 2343 2246 2391 τοῦ
2270 2341 2512 2411 παρόντος
2535 2337 2843 2410 ἕφυλᾶξαμεν

518 2424 599 2476 καὶ
622 2422 700 2475 ἐπὶ
722 2423 835 2483 τοὺς
861 2421 1131 2492 μέλλοντας
1167 2421 1344 2482 αἰῶνας
1380 2421 1465 2489 τὴν
1499 2426 1584 2489 τῆς
1610 2420 1929 2493 ἐπιτηρέσεως
1952 2424 2129 2489 ταύτης
2154 2423 2506 2494 συμπλήρωσιν
2540 2422 2845 2479 ἐπιτείνεσθαι.

518 2508 684 2575 Μηδὲν
718 2508 875 2560 τοίνυν
909 2504 1034 2559 ἔστω
1068 2506 1184 2578 ἡμῖν
1219 2506 1378 2559 κοινὸν
1404 2504 1525 2578 μετὰ
1548 2513 1636 2561 τοῦ
1660 2506 1889 2579 ἐχθίστου
1910 2510 2012 2561 τῶν
2036 2506 2288 2561 Ἰουδαίων
2312 2504 2487 2580 ὄχλου.
2558 2506 2845 2581 Εἶλήφαμιν

519 2593 614 2666 γὰρ
649 2592 782 2666 παρὰ
815 2598 903 2647 τοῦ
938 2593 1169 2664 Σωτῆρος
1205 2591 1322 2645 ὁδὸν
1357 2591 1538 2665 ἑτέραν.
1609 2594 1762 2648 ,Βία-τ
1782 2598 1910 2648 em'm
1932 2596 2133 2648 illorum
2154 2603 2303 2664 qente
2324 2596 2627 2666 repudiata,
2651 2600 2848 2649 veriore·

519 2684 697 2735 ordine
718 2699 857 2752 quem
884 2700 916 2734 a
933 2685 1104 2750 primo
1130 2683 1212 2733 die
1226 2684 1488 2750 passionis
1512 2683 1585 2733 ad
1606 2680 1700 2734 boc
1722 2699 1874 2752 usque
1902 2690 2092 2751 tempus
2123 2685 2388 2745 teterrimus,
2424 2671 2699 2750 adflatis-a
2730 2699 2846 2735 sae-

521 2770 638 2820 cula
662 2769 1027 2821 observationis
1059 2767 1520 2835 illiusfhnctt'onem
1550 2769 1850 2836 perducere.
1928 2766 2258 2828 Quamobrem
2293 2766 2426 2818 nihil
2454 2772 2521 2820 sit
2555 2769 2698 2820 nobis
2732 2783 2846 2819 cun

519 2856 833 2908 odiosisst’ma
859 2854 1165 2906 Iudaeorum
1189 2852 1338 2905 turba
1362 2867 1628 2906 commune.
1690 2852 1805 2905 Nos
1827 2856 1956 2905 euim
1981 2853 2139 2904 aliam
2164 2856 2300 2904 eiam
2325 2871 2359 2904 α
2381 2851 2654 2905 Salvator-e
2677 2855 2846 2906 tradi-

520 2951 622 2994 tam
664 2943 967 3009 accepimus.
1037 2937 1261 3008 Gyrillus
1297 2937 1678 2992 Alexandrinus
1718 2938 1931 3009 insuper
1969 2938 2025 2991 in
2058 2937 2399 2990 Heortasticis
2438 2939 2709 3002 omnibus,
2753 2938 2849 2992 ubi

520 3024 985 3095 quadragesimalis
1006 3024 1185 3080 ieiunii
1208 3028 1261 3077 et
1281 3023 1539 3094 paschatis
1563 3030 1798 3095 tempora
1820 3022 2149 3095 praescribit,
2173 3022 2455 3076 identidem
2471 3021 2598 3075 κατὰ
2614 3021 2701 3085 τὰς
2720 3020 2847 3075 ἄπο-

521 3108 747 3171 στολικὰς
767 3109 1057 3180 παραδόσεις
1074 3126 1131 3163 se
1155 3125 1218 3162 ea
1239 3109 1439 3163 tradere
1462 3110 1749 3180 significat,
1774 3110 2005 3163 maxime
2028 3110 2081 3162 in
2107 3108 2249 3163 Orat.
2270 3127 2362 3165 vn.
2386 3127 2472 3163 xv.
2499 3126 2609 3174 xx„
2632 3115 2688 3163 et
2708 3110 2847 3166 aliis.

521 3194 663 3249 Idem
695 3200 916 3248 testatur
951 3201 1004 3247 et
1033 3194 1140 3248 Leo
1175 3210 1312 3264 papa
1345 3195 1400 3247 in
1436 3196 1657 3265 epistola
1692 3196 1757 3248 ad
1789 3195 2059 3249 Proterum
2088 3195 2497 3249 Alexandrinum
2529 3196 2845 3266 praesulem,

523 3296 680 3350 quam
704 3282 831 3333 citat
850 3279 996 3333 Beda
1015 3279 1105 3334 lib.
1133 3279 1195 3332 de
1219 3281 1583 3349 Aequinoctio,
1615 3286 1667 3333 et
1687 3281 1778 3335 lib.
1803 3281 1865 3334 de
1888 3281 2069 3351 Temp.
2096 3280 2211 3333 Rat.
2245 3297 2358 3351 cap.
2380 3298 2510 3336 xm.
2580 3280 2685 3335 Ubi
2705 3282 2847 3334 Mar·

522 3381 643 3418 cum
666 3364 845 3419 scribit
867 3381 900 3418 a
922 3365 1072 3418 Petro
1097 3363 1335 3417 didicisse
1359 3365 1650 3418 celebrandi
1672 3366 1936 3436 paschatis
1959 3367 2131 3419 ritum.
2199 3364 2434 3435 Denique
2470 3382 2625 3419 nemo
2660 3374 2742 3420 est
2774 3383 2843 3420 ex

524 3451 717 3504 sanctis
738 3451 998 3521 patribus,
1033 3450 1124 3520 qui
1157 3466 1258 3502 non
1298 3450 1605 3504 catholicum
1630 3452 1857 3506 solennis
1879 3452 2019 3505 illius
2042 3452 2199 3505 ritum
2216 3451 2627 3505 vetustissimum
2654 3467 2769 3506 esse
2789 3459 2847 3505 et
2908 3509 2913 3522 ¹

524 3537 591 3590 ab
615 3537 864 3608 apostolis
885 3536 1012 3607 ipsis
1035 3552 1277 3589 manasse
1299 3536 1539 3592 fateatur.

658 3622 794 3676 Nam
823 3622 961 3693 quod
983 3621 1266 3676 Eusebium
1298 3626 1350 3674 et
1379 3623 1756 3678 ecclesiasticae
1786 3624 2059 3694 scriptores
2091 3623 2361 3689 historiae,
2396 3628 2552 3693 atque
2585 3623 2722 3676 inter
2751 3639 2844 3677 eos

524 3709 866 3762 novissimum
887 3707 1260 3778 Nicephorum,
1295 3707 1668 3779 subscriptores
1690 3707 1879 3762 habere
1904 3726 1959 3762 se
1983 3709 2108 3763 dicit
2130 3710 2381 3780 Scaliger,
2412 3708 2679 3762 manifesti
2696 3726 2842 3764 men-

525 3795 661 3848 dacii
681 3799 899 3849 tenetur.
933 3793 1186 3848 Eusebius
1211 3793 1347 3846 enim
1375 3799 1556 3847 contra
1579 3792 1885 3847 catholicum
1910 3794 2133 3848 obeundi
2148 3794 2412 3866 paschatis
2428 3809 2648 3860 morem,
2671 3795 2845 3849 cuius·

526 3879 670 3934 modi
701 3880 768 3933 ab
793 3879 1208 3932 Occidentalibus
1244 3884 1296 3931 et
1328 3879 1576 3932 Romanis
1610 3880 1843 3932 maxime
1877 3886 2111 3933 servatus
2146 3887 2248 3946 est,
2289 3881 2537 3951 apostolis
2577 3880 2841 3936 adscribit.

527 3966 664 4021 Nam
687 3981 798 4036 cap.
821 3965 910 4018 illo
935 3983 1085 4019 xxm.
1110 3965 1197 4019 lib.
1215 3981 1280 4028 v„
1313 3964 1405 4017 ubi
1429 3966 1731 4017 acerrimam
1756 3965 1817 4017 de
1840 3964 2087 4035 paschate
2111 3966 2509 4030 dissensionem,
2541 3981 2677 4036 quae
2710 3967 2843 4020 inter

527 4052 789 4107 Victorem
809 4063 1000 4120 papam
1024 4055 1075 4102 et
1091 4050 1346 4102 Asiaticos
1369 4048 1624 4120 flagravit,
1649 4051 1882 4121 pluribus
1908 4057 2290 4115 commemorat,
2317 4051 2573 4104 Asiaticos
2596 4051 2755 4105 refert
2773 4067 2841 4105 ex

530 4140 743 4209 antiqua
763 4135 1039 4190 traditione
1063 4152 1168 4189 xrv.
1191 4134 1389 4200 lunam,
1414 4149 1776 4206 quamcunque
1798 4136 1853 4188 in
1879 4136 2013 4188 diem
2035 4136 2296 4200 incideret,
2326 4136 2586 4189 dominico
2608 4137 2843 4207 paschati

331 4251 371 4289 p.
390 4237 478 4279 460.
527 4222 824 4296 peragendo
859 4221 1233 4294 praefinivisse:
1272 4219 1360 4272 οὐκ
1395 4217 1530 4281 ἔθους
1566 4216 1705 4281 ὄντος
1740 4225 1913 4272 τοῦτον
1944 4219 2175 4272 ἐπιτελᾶν
2199 4221 2284 4272 τὸν
2304 4222 2491 4291 τρόπον
2510 4225 2621 4283 ταῖς
2644 4220 2735 4275 ἀνὰ
2758 4222 2841 4289 τὴν

531 4310 707 4378 λοιπὴν
731 4308 924 4362 ἅπασαν
949 4305 1229 4377 οἰκουμένην
1247 4303 1519 4371 ἐκκλησίαις
1542 4304 1592 4368 ἐξ
1616 4304 1938 4371 ἆποστολικῆς
1964 4308 2281 4377 παραδόσεως
2300 4307 2357 4358 τὶ)
2376 4305 2457 4358 καὶ
2476 4304 2539 4367 εἰς
2562 4309 2708 4378 δεῦρο
2726 4327 2842 4379 κρα-

532 4400 683 4462 τῆσαν
707 4393 812 4456 ἔθος
837 4393 1210 4465 φυλαττούσαιςε
1256 4391 1374 4444 Cum
1405 4410 1460 4444 eo
1481 4397 1584 4445 ritu
1610 4393 1903 4443 celebrandi
1925 4394 2221 4445 consuetudo
2246 4411 2339 4445 non
2367 4401 2493 4444 esset
2513 4395 2724 4462 reliquis
2745 4403 2843 4447 ter-

535 4499 710 4533 rarum
734 4482 869 4532 orbis
891 4480 1141 4542 eeclesiis,
1173 4495 1299 4547 quae
1330 4495 1390 4530 ex
1423 4479 1705 4546 apostolica
1729 4480 2002 4530 traditione
2026 4497 2205 4529 morem
2229 4479 2369 4529 illum
2393 4479 2732 4531 observabant
2760 4483 2848 4547 qui

540 4567 613 4616 ad
634 4564 726 4616 hoc
746 4581 895 4633 usque
919 4574 1103 4633 tempus
1125 4565 1346 4616 obtinuit.
1391 4561 1525 4615 Tum
1550 4579 1659 4632 cap.
1678 4579 1821 4616 xxvr.
1870 4562 2067 4615 Irenaei
2090 4562 2155 4615 ad
2177 4563 2435 4616 Victorem
2469 4563 2743 4633 epistolam
2774 4567 2846 4617 ci·

537 4653 641 4713 tat,
663 4647 716 4700 in
740 4662 844 4717 qua
861 4647 1009 4702 iilum
1030 4645 1347 4715 hortabatur,
1370 4654 1430 4701 ut
1449 4664 1515 4701 ne
1532 4652 1741 4719 propter
1759 4649 2069 4704 contrariam
2086 4649 2396 4702 Asianorum
2413 4649 2847 4706 consuetudinem
