3185 5219
2447 400 2601 458 CLIII

533 626 967 683 EXPLICATUR
998 627 1041 680 E
1076 624 1565 680 SUPRBJORIBUS
1601 624 1940 680 EPIPHANII
1973 624 2331 680 DOCTRINA.

401 731 668 785 Hactenus
690 729 1000 785 Iudaeorum
1022 729 1319 784 reconditus
1341 730 1428 783 ille
1452 730 1630 798 cyclus
1651 745 1722 784 ex
1744 727 2022 799 Epiphsnii
2042 729 2300 782 sententia.
2315 728 2603 784 declaratus

272 822 376 882 est,
397 816 491 870 sed
512 815 750 871 nondum
773 831 933 886 opera
955 816 1100 870 omni
1122 814 1352 870 defuncti
1373 831 1573 869 snmus.
1636 813 1922 868 Plurimum
1946 813 2088 867 enim
2105 814 2173 868 iis
2194 815 2251 868 in
2272 815 2445 868 verbis
2469 831 2603 884 quae

272 902 404 972 cycli
426 903 809 958 enarrationem
840 901 1155 956 antecedunt
1186 901 1517 956 obscuritatis
1541 917 1603 955 ac
1623 900 1895 955 molestiae
1922 904 2187 970 superest,
2216 915 2354 969 quae
2384 899 2603 970 diligen·

269 988 403 1042 tiam
423 1004 456 1041 a
475 988 658 1053 nobis,
677 988 982 1059 patientiam
1006 1003 1040 1041 a
1059 988 1253 1041 lectore
1276 992 1588 1042 mereantur.
1626 984 1730 1040 Sed
1753 1000 1816 1039 ea
1839 1001 2046 1056 quoque
2063 984 2296 1038 eiusdem
2313 984 2604 1040 doctissimi

269 1071 625 1128 mathematici
647 1073 901 1128 beneficio
925 1073 1185 1127 illustrate
1217 1073 1580 1144 explicataque
1613 1077 1753 1127 sunt.
1824 1070 1985 1126 Cuius
2018 1070 2228 1141 quidem
2264 1071 2326 1124 de
2358 1069 2458 1124 hoc
2485 1072 2602 1126 loeo

272 1159 623 1213 coniecturam
644 1159 897 1212 nonnulla
920 1163 1101 1212 nostra
1121 1158 1422 1212 accessione
1446 1158 1812 1229 locupletatam
1836 1157 2020 1227 paucis
2041 1158 2291 1227 aperiam.

402 1245 807 1314 Aequinoctium
822 1259 1040 1298 vernum
1064 1243 1295 1298 medium
1317 1243 1437 1298 Iulii
1453 1243 1692 1298 Caesaris
1716 1258 1846 1297 aevo
1869 1243 1926 1296 in
1947 1242 2031 1296 25.
2049 1243 2228 1296 Martii
2247 1242 2604 1308 conveniebat,

272 1347 374 1401 quo
397 1329 481 1384 die
504 1328 770 1384 Christum
800 1330 1149 1384 resurrexisse
1179 1330 1456 1384 concilium
1482 1328 1818 1384 Caesariense
1847 1329 1947 1382 sub
1971 1328 2180 1382 Victore
2205 1327 2452 1398 pontifice
2474 1328 2605 1384 cele-

272 1416 474 1470 bntum
498 1432 547 1469 a.
568 1413 761 1468 Christi
783 1414 894 1470 198.
918 1415 1241 1480 decreverat3
1265 1415 1415 1469 cuius
1436 1416 1796 1485 fragmentum
1813 1413 1956 1486 apud
1975 1413 2172 1469 Bedam
2195 1414 2283 1468 lib.
2302 1413 2365 1466 de
2384 1413 2604 1483 Aequis.

271 1517 429 1555 verno
458 1501 541 1554 sic
572 1517 635 1554 se
662 1500 843 1554 habet:
890 1501 1086 1554 Passus
1108 1518 1318 1569 namque
1342 1503 1569 1554 dominus
1601 1503 1667 1554 ab
1699 1519 1775 1556 ιι.
1798 1500 1925 1556 Kal.
1949 1501 2114 1570 Apr„
2145 1517 2246 1569 qua
2281 1508 2423 1554 mete
2456 1519 2492 1552 a
2515 1499 2603 1551 Is·

275 1589 419 1640 daa's
452 1590 678 1640 traditus
712 1595 787 1639 est
816 1595 866 1639 et
895 1607 929 1639 a
954 1605 1044 1641 vu.
1068 1585 1183 1655 (sed
1209 1605 1320 1641 vm.
1343 1585 1737 1640 rescribendum
1762 1584 2048 1657 [quomodo
2079 1585 2136 1638 in
2159 1584 2524 1655 antiquissimo
2547 1583 2603 1640 P.
2655 1585 2805 1637 2⁴5⁸-

273 1672 537 1727 Sirmondi
559 1671 737 1725 codice
758 1672 1062 1742 reperimus.
1123 1670 1183 1726 In
1208 1688 1311 1742 qno
1345 1677 1615 1743 praeterea
1646 1672 1776 1726 illud
1807 1671 2220 1736 observavimus,
2248 1670 2605 1740 fragmentum

271 1757 398 1812 illud
410 1797 427 1823 ,
449 1757 591 1828 quod
610 1756 678 1809 ad
693 1755 866 1811 Bedae
882 1757 1118 1811 libellum
1137 1757 1201 1811 de
1218 1758 1549 1827 aequinoctio
1566 1763 1828 1812 attextum
1852 1762 1956 1822 est,
1979 1773 2099 1812 cum
2121 1755 2220 1810 hac
2241 1755 2603 1826 inscription&

274 1843 351 1896 Dc
389 1842 729 1897 &iunonem
765 1843 1040 1896 Fer-tamn
1075 1843 1412 1896 Paschalium
1436 1862 1540 1914 per
1581 1843 1932 1913 Theophilum,
1975 1843 2186 1898 alterius
2221 1842 2418 1896 sutoris
2451 1842 2605 1898 titulo

269 1933 506 1982 notatum
524 1945 668 1992 esse,
691 1928 939 1984 nimirum
954 1929 1085 1982 isto:
1107 1929 1305 1998 Incipit
1320 1930 1535 1999 epistola
1553 1928 1790 1998 Philipps·
1811 1930 1875 1982 de
1889 1927 2146 1998 pascha„
2163 1928 2290 1981 Kal.
2309 1933 2605 1982 resurrexit.
2657 1957 2703 1996 p.
2720 1945 2807 1989 ιιι.

276 2015 530 2075 Qut-odo
554 2032 679 2082 erqo
699 2022 801 2067 tres
824 2016 934 2067 dies
955 2016 1321 2067 excluduntur!
1365 2014 1532 2083 Igitur
1556 2030 1626 2068 ex
1650 2014 1858 2068 concilii
1878 2014 2138 2070 sententie
2160 2013 2395 2068 Christus
2417 2030 2605 2084 panus

271 2107 351 2154 est
370 2100 553 2154 Martii
574 2097 683 2164 23„
712 2105 767 2152 et
788 2098 870 2154 25.
892 2100 1193 2154 resurrexit.
1240 2099 1343 2164 Qui
1364 2099 1474 2154 dies
1498 2116 1622 2153 cnm
1644 2100 1884 2154 Caesaris
1903 2106 2135 2170 tempore
2157 2100 2476 2170 aequinoctii
2497 2116 2605 2176 me·

272 2185 341 2240 dii
362 2202 427 2239 ao
450 2184 653 2256 politici
673 2184 823 2238 sedes
843 2185 1054 2250 inisset,
1077 2187 1237 2255 vulgo
1261 2201 1571 2256 persuasum
1595 2192 1708 2240 erat
1724 2184 1988 2242 Christum
2009 2185 2068 2239 in
2088 2186 2415 2256 aequinoctio
2438 2203 2606 2240 resur·

270 2272 491 2327 rexisse.
556 2269 865 2325 Necessario
898 2270 983 2324 hic
1016 2287 1187 2325 annus
1223 2288 1339 2325 esse
1374 2271 1529 2326 debet
1559 2272 1796 2325 Iulianus
1829 2289 2036 2336 uun,
2071 2286 2223 2325 aerae
2257 2272 2606 2342 Dionysiana

270 2375 446 2422 xm,
470 2356 621 2426 cyclo
645 2355 799 2412 lunae
822 2374 965 2421 run,
988 2357 1115 2410 solis
1138 2375 1234 2412 ιιι.
1249 2397 1263 2420 ,
1285 2358 1437 2411 litera
1459 2357 1598 2414 dom.
1619 2356 1684 2412 G.
1720 2356 1939 2412 Constat
1960 2358 2102 2412 enim
2124 2356 2388 2414 Christum
2408 2359 2605 2414 ieriav.

268 2443 331 2498 ad
353 2455 631 2513 vesperum
665 2440 1125 2513 comprehensum,
1157 2459 1375 2512 passum
1399 2461 1495 2509 vn,
1529 2450 1582 2497 et
1615 2444 1877 2498 dominica.
1907 2444 2270 2500 resurrexisse.
2339 2446 2408 2498 At
2440 2461 2609 2500 annus

266 2529 378 2594 ille,
413 2544 575 2598 quem
596 2527 735 2592 dixi,
769 2528 925 2582 ferias
959 2528 1090 2582 istas
1114 2528 1401 2598 praefinitis
1426 2545 1457 2582 a
1481 2529 1699 2584 concilio
1725 2529 1908 2586 diebus
1931 2528 2161 2586 exhibet.
2226 2529 2321 2584 Est
2342 2531 2504 2600 igitur
2526 2531 2609 2586 Iu·
2664 2559 2707 2600 p.
2727 2545 2812 2589 m.

267 2615 443 2669 liunus
466 2632 649 2669 uxvr.
663 2654 678 2679 ‚
701 2614 907 2669 Tiberio
931 2632 981 2668 v.
1006 2621 1060 2668 et
1081 2614 1274 2669 Seiano
1298 2631 1454 2681 coss„
1474 2617 1623 2686 cyclo
1648 2616 1804 2670 lunae
1827 2633 1943 2671 xm.
1991 2615 2265 2671 Caeterum
2287 2633 2408 2672 cnm
2431 2619 2607 2689 cyclus

268 2700 535 2755 Nicuenus
556 2717 673 2754 ιιιι.
696 2700 1025 2755 novilunium
1046 2699 1297 2771 paschale
1318 2702 1658 2755 constitueret
1678 2702 1854 2757 Martii
1877 2720 1976 2766 ιι..
1998 2703 2343 2773 plenilunium
2365 2720 2514 2768 xxv„
2539 2721 2608 2757 ex

269 2786 482 2841 concilii
499 2786 776 2840 autoritate
793 2786 1057 2857 plerisque
1074 2802 1384 2856 persuasum
1402 2786 1506 2840 fuit
1520 2786 1784 2841 Christum
1801 2787 2088 2858 plenilunio
2106 2789 2221 2857 ipso
2240 2789 2605 2845 resurrexisse.

269 2872 431 2944 Atqui
456 2872 766 2927 neomeniae
790 2870 980 2926 Christi
1009 2878 1245 2942 tempore
1275 2872 1473 2926 tardius
1506 2873 1908 2941 contingebant,
1941 2881 2068 2944 puta
2100 2873 2428 2927 novilunium
2461 2874 2606 2942 cyclo

270 2976 385 3013 xm.
407 2957 681 3012 accidebat
701 2957 879 3011 Martii
896 2972 989 3013 ιιι.
1004 2996 1018 3023 ,
1042 2957 1221 3028 plenil.
1242 2975 1364 3012 xxv.
1405 2956 1539 3011 Nam
1560 2957 1764 3012 Iuliano
1788 2958 1903 3028 ipso
1930 2975 2130 3023 snvr„
2156 2964 2215 3011 ut
2235 2957 2428 3013 Paulus
2450 2958 2607 3013 Fero·

271 3060 535 3114 sempron.
561 3043 825 3117 observat,
854 3044 1197 3097 commissum
1221 3043 1377 3097 estin
1398 3043 1684 3098 meridiano
1708 3044 2181 3113 Hierosolymitano
2205 3044 2381 3099 Martii
2403 3062 2502 3110 ιι,
2530 3044 2607 3110 m,

270 3126 373 3195 δι’,
415 3126 539 3194 12‘',
574 3128 674 3184 hoc
708 3135 789 3183 est
818 3130 994 3183 Martii
1022 3147 1143 3194 ιιι.,
1176 3129 1523 3200 plenilunium
1556 3129 1734 3184 Martii
1755 3147 1926 3195 ιινι.,
1967 3130 2055 3195 14,
2095 3127 2201 3193 13',
2241 3127 2367 3196 14'',
2397 3129 2498 3185 hoe
2529 3136 2610 3185 est

270 3215 449 3271 Martii
470 3232 637 3270 xxm.
684 3214 789 3269 Sed
810 3215 1021 3285 politice
1042 3216 1220 3269 Martii
1244 3232 1413 3281 nvn,
1446 3216 1571 3286 quis
1599 3216 1875 3270 neomenia
1897 3216 2073 3271 Martii
2093 3233 2189 3272 ιιι.
2237 3216 2429 3273 Verum
2453 3235 2609 3288 προη-

272 3301 467 3371 duwe
502 3300 700 3355 lunaris
734 3301 878 3355 nulls
910 3308 1025 3355 tum
1056 3301 1281 3366 mentio;
1316 3317 1476 3370 quare
1508 3318 1618 3355 non
1651 3301 1960 3356 dubitabunt
1993 3303 2122 3372 quin
2153 3299 2344 3357 Christi
2376 3310 2608 3375 tempore

271 3386 495 3442 eundem
527 3386 679 3441 illum
710 3387 873 3441 situm
906 3385 1210 3441 habuissent
1242 3388 1333 3457 qui
1362 3403 1394 3440 a
1417 3386 1648 3443 Nicaeno
1672 3388 1892 3443 concilio
1915 3388 2234 3441 constitutus
2251 3389 2438 3445 fueret.
2497 3391 2608 3445 Hoc

271 3473 434 3543 igitur
454 3471 807 3543 Epiphaniam
830 3471 1041 3533 fefellit.
1076 3472 1216 3542 quod
1247 3477 1303 3525 et
1331 3473 1606 3542 plenilunii
1638 3480 1692 3527 et
1722 3473 2036 3543 aequinoctii
2061 3473 2144 3527 die
2167 3472 2361 3531 Christi
2380 3490 2608 3531 resurre-

274 3559 501 3615 ctionem
524 3557 776 3613 accidisse
800 3558 1043 3613 crederet.
1085 3557 1201 3622 Qus
1224 3557 1466 3629 προλήψει
1488 3560 1596 3613 iam
1618 3558 1852 3613 imbutus
1874 3559 2112 3613 animum
2135 3559 2323 3614 adiecit
2342 3561 2408 3613 ad
2432 3561 2607 3631 aequi·

272 3644 435 3699 noctii
458 3643 593 3697 diem
609 3683 624 3708 ,
658 3643 799 3715 quod
820 3660 940 3698 cum
964 3648 1164 3699 veteres
1190 3660 1396 3709 omnes,
1428 3645 1517 3715 qui
1540 3643 1851 3697 Diocletiani
1879 3659 2058 3697 ueram
2077 3645 2294 3714 paulum
2318 3652 2607 3701 antecesse-

271 3735 392 3784 rant
423 3735 479 3782 et
510 3731 784 3783 Anatolius
817 3729 1073 3799 imprimis
1103 3730 1158 3783 in
1192 3747 1321 3784 ιιιι.
1346 3729 1520 3782 Martii
1555 3727 2041 3798 deprehendissent,
2076 3731 2289 3785 tametsi
2319 3730 2608 3785 Niceenum

274 3822 457 3886 postea
486 3832 597 3869 ιιι.
620 3815 758 3868 diem
790 3815 1143 3885 praefixisset,
1179 3812 1515 3868 nihilominus
1548 3815 1873 3867 existimavit
1896 3813 2156 3868 Christum
2180 3817 2352 3869 Martii
2376 3834 2503 3870 ιιιι.
2528 3833 2606 3869 re·

274 3901 594 3965 surrexisse,
618 3908 672 3954 et
695 3901 904 3970 quidem
926 3900 1237 3971 plenilunio,
1276 3900 1412 3970 quod
1436 3900 1658 3969 ipsemet
1680 3898 1868 3952 diserte
1892 3900 2157 3970 sig-nificat
2177 3918 2296 3954 cum
2318 3901 2372 3954 in
2397 3918 2469 3954 ιι.
2492 3900 2605 3954 Kal.

271 3988 397 4058 Apr.
422 3986 770 4058 plenilunium
793 4003 916 4041 cum
938 3986 1268 4057 aequinoctio
1293 3984 1508 4040 confert.
1543 3984 1726 4055 Neque
1743 4001 1865 4038 vero
1890 3986 2080 4040 mirum
2105 3993 2187 4040 est
2208 3985 2271 4038 de
2295 3986 2610 4056 aequinoctii

272 4072 648 4143 anticipatione
669 4070 800 4126 nihil
821 4070 1113 4144 Epiphanio
1138 4077 1250 4124 tum
1272 4071 1327 4123 in
1352 4075 1577 4123 mentem
1603 4071 1833 4137 venisse,
1867 4088 1984 4124 cum
2010 4089 2178 4142 neque
2202 4072 2403 4141 aliquot
2423 4078 2608 4142 postea

273 4158 500 4212 saeculis
523 4157 900 4228 Computorum
924 4156 1407 4211 Ecclesiasticorum
1439 4172 1545 4208 non
1578 4155 1840 4225 ignobiles
1864 4157 2140 4227 scriptores
2165 4158 2445 4227 quicquam
2470 4157 2606 4211 eius-

274 4244 418 4298 modi
440 4242 696 4313 suspicari
710 4243 989 4314 potuerint.
1026 4242 1095 4296 Ut
1109 4242 1365 4312 imprimis
1384 4240 1552 4305 Beds3
1577 4242 1723 4295 cuins
1748 4248 1951 4297 aestum
1975 4258 2036 4294 ae
2060 4240 2463 4295 sollicitudiuem
2485 4259 2605 4296 cum

274 4329 390 4383 eliis
414 4329 471 4382 in
493 4329 652 4393 locis,
684 4334 801 4382 tum
820 4330 877 4382 in
900 4344 1013 4398 cap.
1036 4346 1187 4382 xnrrr.
1210 4328 1331 4381 libri
1353 4327 1416 4380 de
1439 4324 1639 4379 Natura
1661 4327 1854 4381 Rerum
1877 4328 2232 4397 intelligimus.
2279 4325 2414 4390 Quin
2438 4334 2492 4381 et
2511 4346 2602 4382 no·

274 4420 380 4469 stra
402 4415 564 4468 etium
586 4418 755 4468 aetate
776 4412 1087 4483 chronologi
1109 4414 1321 4484 qnidam
1344 4429 1453 4466 non
1475 4413 1834 4467 animadversa
1857 4412 2301 4483 aequinoctiorum
2320 4415 2601 4485 προηγήσει,

276 4517 397 4555 cum
433 4499 752 4570 aequinoctii
773 4499 919 4553 verni
950 4499 1032 4553 die
1065 4498 1334 4553 conditum
1364 4498 1665 4551 universum
1699 4503 1970 4564 censeant,
2002 4497 2180 4551 Martii
2204 4515 2309 4551 ιιι.
2334 4497 2601 4554 definiunt.

276 4586 591 4641 Simillimus
609 4585 770 4655 igitur
785 4583 1063 4656 Epiphsnii
1078 4585 1241 4639 fuisse
1259 4583 1459 4638 videtur
1476 4599 1632 4648 error,
1655 4589 1715 4637 ut
1736 4599 1856 4636 cum
1880 4583 2206 4653 aequinoctio
2229 4584 2341 4653 ipso
2365 4600 2425 4639 sc
2440 4586 2602 4657 pleni·

275 4673 419 4729 lunio
454 4670 806 4728 resurrexisse
839 4670 1108 4726 dominum
1146 4664 1377 4743 putaret,
1415 4687 1545 4726 ιιιι.
1579 4669 1632 4724 id
1666 4668 1842 4725 Martii
1875 4669 2160 4742 contigisse
2193 4668 2471 4741 scripserit.
2537 4670 2605 4725 Et
