3185 5219
639 362 749 421 XX

642 518 889 590 concipit:
934 520 1192 582 Adduxit,
1224 518 1424 588 inquit,
1454 535 1546 569 rex
1578 518 1904 585 Assyriorum
1935 519 2073 571 uiros
2105 519 2168 569 de
2203 516 2487 584 Babylone,
2519 524 2572 569 et
2599 518 2663 569 dc
2695 514 2885 578 Cutha,
2917 526 2968 569 et

642 608 704 658 ds
736 605 918 668 Ham,
953 614 1001 657 et
1030 608 1092 657 de
1126 604 1342 667 Emath,
1387 614 1437 656 et
1466 606 1531 655 de
1559 602 1918 673 Sepharuaim.
1977 602 2174 656 Graece
2207 603 2305 655 in:
2354 600 2445 653 Kal
2477 598 2531 653 ἐκ
2563 600 2719 669 Χυθὰ,
2755 600 2837 653 καὶ
2867 598 2964 653 ἀπὸ

641 688 840 758 Ἀουὰν,
872 690 953 742 καὶ
985 688 1080 741 ἀπὸ
1105 687 1287 759 Arpano,
1324 688 1405 740 καὶ
1437 686 1533 745 ἀπὸ
1559 688 1927 759 Σεμφαρουαίμ..
1989 688 2133 752 Quod
2167 688 2234 740 ad
2255 686 2550 742 Chuthaeos
2585 688 2793 751 attinet,
2829 687 2966 739 Iose-

639 776 774 847 phus
808 777 842 828 l.
879 793 948 829 rx.
984 774 1233 845 Ἀρχαισλ.
1281 791 1325 828 c.
1358 792 1474 839 xiv,
1529 791 1562 827 a
1590 773 1798 828 Chutha
1829 774 2052 827 Persidis
2095 775 2308 843 regione
2357 779 2414 826 et
2447 773 2762 842 cognomine
2805 769 2964 825 fluvio

640 862 937 915 nominatos
961 861 1205 916 affirmat.
1258 860 1387 913 Vide
1410 861 1579 913 Elium
1602 858 1915 925 Thisbitem,
1938 860 2191 913 vocabulo
2217 866 2360 920 mn.
2406 859 2486 912 Ab
2503 859 2568 911 iis
2587 856 2742 923 nihil,
2766 857 2967 927 opinor,

640 947 933 1018 discrepant
956 947 1213 1015 Κουὸαῖοι,
1248 946 1371 999 licet
1393 944 1713 1016 Epiphanius
1737 951 1996 1009 secernat3
2030 946 2131 999 nisi
2154 945 2270 1015 quis
2293 942 2589 1013 Αἱμαθαίους
2611 944 2724 997 eius
2748 944 2866 997 loco
2887 958 2966 995 re·

640 1033 938 1104 ponendum
961 1040 1182 1085 censeat.
1224 1031 1360 1085 Nam
1382 1049 1476 1102 pro
1501 1030 1921 1101 Ἀναγωγαναίους
1945 1030 2166 1084 fortasse
2191 1028 2502 1090 Ἀουαναίους
2526 1030 2714 1083 melius
2738 1029 2852 1093 crit,
2872 1044 2966 1097 pro

638 1119 886 1181 Havaeis3
910 1135 1032 1171 cum
1054 1135 1159 1171 nn
1183 1114 1360 1169 Ἀουὰν
1392 1118 1637 1171 scribant.
1685 1118 1754 1169 At
1776 1116 2010 1186 Scaliger
2032 1114 2290 1185 Ἀνάγνους
2313 1116 2546 1176 Γαναίους
2569 1116 2672 1186 leg.
2693 1114 2967 1178 ariolatur3

640 1204 765 1272 quia
796 1194 937 1264 πέει
970 1208 1093 1256 sunt
1126 1198 1350 1272 ἄναγνοι,
1396 1203 1640 1258 obscoeni.
1697 1203 1890 1256 Verum
1922 1203 2190 1256 nationum
2226 1200 2310 1255 hic
2342 1201 2581 1266 nomina,
2622 1216 2730 1254 non
2759 1215 2965 1255 morum

638 1304 701 1342 ac
723 1290 968 1343 vitiorum
991 1288 1201 1360 propria
1223 1295 1712 1343 commemorantur.

775 1372 995 1446 Ἔσδραν
1018 1372 1124 1426 τινα
1145 1371 1311 1444 ἱερέα]
1358 1373 1577 1427 Mirifice.
1599 1390 1772 1428 rernm
1797 1378 2187 1444 temporumque
2208 1373 2542 1443 perturbatio.
2589 1371 2808 1425 Esdram
2825 1385 2965 1425 asse·

636 1461 760 1514 rita
782 1459 1153 1514 Nabuchodon.
1187 1460 1407 1513 missum
1420 1500 1434 1524 ‚
1460 1462 1550 1531 qui
1572 1459 1840 1514 Samariae
1862 1459 2143 1529 inquilinos
2165 1459 2330 1513 Musis
2353 1460 2526 1528 legem
2548 1458 2777 1523 doceret,
2807 1456 2968 1527 idque

640 1564 777 1600 anno
810 1564 917 1599 xxx
950 1545 1302 1616 Babylonicae
1336 1545 1651 1617 captivitatis
1686 1545 1949 1600 accidisse.
2007 1544 2123 1598 Non
2158 1544 2360 1598 videtur
2391 1545 2614 1599 alterum
2647 1542 2867 1597 Esdram
2897 1544 2965 1597 ab

640 1649 701 1686 co
744 1632 1062 1685 intellexisse
1106 1633 1195 1702 qui
1227 1632 1470 1685 Hecaliae
1513 1632 1653 1685 filius
1685 1632 1818 1700 legis
1849 1631 2022 1684 scriba
2052 1630 2251 1685 dicitur.
2320 1630 2426 1683 Sed
2465 1630 2628 1684 alium
2671 1636 2876 1694 tamen,
2921 1628 2967 1682 si

638 1734 820 1771 verum
842 1717 973 1771 illud
995 1722 1099 1781 est,
1136 1722 1341 1788 oportet
1359 1716 1539 1771 fuisse.
1597 1716 1716 1770 Non
1738 1717 1967 1770 melioris
1992 1725 2070 1770 est
2099 1722 2280 1781 notae,
2313 1715 2452 1786 quod
2473 1715 2836 1781 israeliticam,
2867 1714 2965 1769 hoc

637 1810 720 1857 est
740 1821 772 1856 x
805 1803 1035 1856 tribuum
1068 1803 1446 1873 captivitatem,
1481 1819 1604 1857 cum
1637 1804 1800 1856 altera
1827 1802 2121 1867 confundit,
2155 1817 2291 1873 quae
2324 1802 2422 1855 sub
2446 1800 2821 1855 Nabuchodon.
2843 1817 2966 1856 con·

637 1891 774 1959 tigit.
832 1888 965 1952 Quid
996 1889 1138 1941 enim
1166 1888 1308 1942 aliud
1337 1889 1507 1944 facere
1537 1890 1709 1960 potuit
1742 1888 1832 1959 qui
1862 1888 2234 1944 Nabuchodon.
2269 1887 2490 1943 eundem
2521 1904 2642 1943 cum
2664 1887 2965 1944 Salmas·

638 1991 756 2029 saro
780 1975 1155 2030 constituerat?

1244 2129 1336 2184 AD
1370 2128 1708 2183 HAERESIN
1743 2129 2349 2184 SAMARITANOBUM.

768 2233 1035 2288 Hactenus
1065 2238 1237 2287 sectae
1268 2233 1416 2297 illae,
1457 2249 1589 2303 quae
1632 2234 1716 2286 vel
1753 2239 1876 2287 ante
1916 2233 2225 2305 scripturam
2253 2233 2536 2286 extiterunt
2573 2231 2658 2286 vel
2690 2231 2962 2302 gentilium

636 2319 779 2373 fuere
810 2320 1065 2391 propriae.
1131 2318 1430 2389 Sequuntur
1472 2334 1562 2372 eae
1606 2335 1738 2389 quae
1768 2324 2031 2389 utcunque
2060 2319 2341 2389 scripturas
2374 2323 2687 2388 usurpantes
2715 2319 2965 2389 multipli-

637 2406 786 2459 cibus
809 2422 924 2458 sese
948 2405 1204 2459 erroribus
1226 2405 1571 2475 implicarunt.
1628 2404 1859 2468 Quarum
1881 2403 1984 2458 duo
2008 2406 2181 2475 capita
2201 2411 2350 2470 sunt,
2373 2404 2662 2458 Samaritae
2684 2420 2746 2457 ac
2767 2404 2964 2461 Iudaei.

638 2491 1085 2545 Samaritanorum
1116 2488 1227 2542 καθ’
1262 2488 1585 2560 ὑποδιαίρεσιν
1615 2489 1869 2543 factiones
1901 2496 2022 2543 sunt
2055 2508 2134 2556 w,
2166 2489 2475 2545 Iudaeorum
2497 2508 2588 2544 vn.
2647 2490 2966 2545 Samaritani

638 2582 763 2631 sunt
784 2577 994 2643 Esseni,
1022 2574 1296 2642 Gortheni,
1317 2576 1569 2642 Sebuaei,
1594 2574 1852 2639 Dosithei3
1893 2575 2198 2630 Iudaeorum
2216 2576 2500 2642 Saducaei,
2526 2577 2759 2643 Scribas,
2785 2575 2965 2631 Phari-

637 2665 770 2730 saei,
802 2663 1307 2735 Hemerobapu'stae,
1329 2661 1605 2727 Nasaraei,
1630 2661 1841 2728 Osseni,
1865 2661 2156 2717 Herodiani.
2212 2663 2354 2717 Haec
2375 2661 2721 2735 Epiphaniam
2756 2665 2873 2734 qui,
2903 2669 2965 2717 ut

636 2751 766 2804 alis:
789 2765 966 2821 saepe,
999 2751 1076 2803 sic
1106 2751 1163 2803 in
1194 2747 1382 2802 harum
1412 2753 1671 2802 sectarum
1699 2747 1976 2819 partitione
2007 2764 2070 2801 ac
2099 2748 2440 2821 descriptione
2462 2765 2688 2820 aequum
2706 2749 2879 2820 magis
2901 2765 2963 2804 ac

634 2836 922 2907 benignum
953 2853 1111 2907 quam
1145 2839 1446 2888 accuratum
1485 2839 1538 2888 et
1568 2851 1808 2888 severum
1838 2835 2084 2888 lectorem
2123 2836 2306 2906 exigit.
2375 2835 2639 2890 Permulta
2669 2836 2812 2890 enim
2841 2837 2963 2889 istic

632 2921 792 2987 falsa,
814 2922 1132 2993 minimeque
1153 2919 1481 2974 cohaerentia
1502 2920 1761 2990 disputat3
1786 2935 1921 2990 quae
1938 2936 2034 2974 nos
2055 2921 2354 2976 invitissimi
2375 2938 2528 2987 sane,
2549 2939 2646 2993 pro
2670 2939 2734 2976 eo
2757 2938 2819 2975 ac
2843 2937 2964 2975 san-

633 3008 852 3061 ctissimi
868 3008 966 3061 viri
984 3008 1235 3078 pietatem
1250 3005 1699 3077 eruditionemque
1716 3021 2039 3072 veneramur,
2063 3006 2153 3059 sed
2175 3008 2468 3063 necessario
2489 3014 2666 3062 tamen
2683 3024 2877 3074 eruere,
2899 3023 2962 3062 ac

635 3110 702 3147 ne
723 3093 893 3147 standi
913 3093 1160 3163 cuiquam
1183 3092 1310 3157 sint,
1346 3092 1606 3162 castigare
1637 3091 1928 3147 debuimus.
1979 3093 2306 3164 Hegesippus
2339 3111 2494 3165 porro
2517 3094 2658 3165 apud
2677 3093 2962 3148 Eusebium

633 3180 668 3233 1.
693 3197 741 3232 v.
766 3195 878 3249 cap.
898 3195 1030 3232 xm.
1072 3177 1379 3231 Iudaeorum
1402 3183 1570 3230 sectas
1595 3193 1902 3247 percensens
1926 3178 2282 3232 Samaritanus
2303 3180 2438 3233 inter
2457 3180 2577 3233 illas
2601 3180 2793 3234 retulit.
2823 3179 2964 3235 Sunt

634 3271 809 3318 autem
839 3264 995 3317 istae:
1029 3262 1235 3328 Essaei,
1281 3261 1525 3328 Galilaei,
1565 3263 2071 3335 Hemerobaptistae,
2104 3264 2452 3332 Masbothaei,
2483 3265 2800 3333 Samaritae,
2833 3266 2963 3321 Sod-

636 3350 839 3414 ducaei,
859 3348 1140 3403 Pharisaei.
1304 3389 1311 3394 .

768 3435 829 3489 N.
856 3451 889 3488 r.
942 3432 1319 3505 Ερμηνεόανται
1342 3432 1398 3485 δὲ
1419 3433 1756 3505 Σαμαρεῖται]
1809 3434 1925 3489 Νοιι
1961 3437 2115 3490 unius
2138 3435 2415 3509 Epiphanii
2453 3444 2534 3491 est
2565 3439 2734 3493 otiosa
2763 3438 2861 3492 illa
2899 3454 2961 3493 ac

632 3522 791 3575 nimis
826 3526 1012 3591 arguta
1040 3521 1184 3574 vocis
1214 3520 1586 3590 interpretatio.
1644 3520 1813 3575 Paene
1836 3539 2020 3576 omnes
2044 3523 2244 3593 antiqui
2264 3529 2375 3578 tam
2400 3522 2586 3577 Graeci
2608 3539 2767 3594 quam
2787 3524 2963 3579 Latini

636 3623 752 3661 eam
784 3607 1013 3678 amplexi
1043 3609 1190 3670 sunt,
1235 3621 1298 3659 ac
1327 3604 1573 3659 mirificas
1607 3623 1673 3659 ex
1706 3623 1770 3660 ea
1797 3609 2082 3662 sententias
2115 3609 2476 3680 procuderant.
2537 3609 2642 3664 Sed
2672 3611 2963 3665 accuratior

636 3694 877 3748 omnibus
899 3691 1218 3764 Epiphanius
1241 3699 1440 3758 noster,
1464 3692 1557 3762 qui
1576 3692 1655 3745 ita
1670 3709 2003 3747 communem
2020 3694 2165 3748 illam
2193 3696 2391 3762 attulit,
2414 3701 2474 3749 ut
2489 3697 2742 3751 veriorem
2764 3712 2824 3751 ac
2845 3712 2961 3769 ger·
3028 3678 3032 3686 ¹

633 3795 846 3835 manum
866 3795 973 3832 non
995 3779 1323 3850 praeteriret3
1348 3794 1483 3848 quae
1506 3784 1588 3832 est
1607 3778 1697 3832 lib.
1723 3797 1798 3833 ιιι.
1822 3778 1954 3850 Reg.
1979 3796 2093 3851 cap.
2114 3798 2222 3846 xvr,
2246 3780 2328 3836 24.

770 3863 871 3932 Τὴν
893 3868 977 3916 νῦν
999 3863 1254 3934 Ἰουδαίαν,
1279 3862 1646 3935 ἢΣαμάρειαν.]
1686 3864 2072 3936 Saepenumero
2094 3864 2192 3920 hoc
2212 3867 2466 3933 inculcat,
2501 3868 2666 3923 Cham
2694 3868 2751 3923 in
2783 3868 2958 3923 statiis

632 3953 717 4007 sui
736 3951 1122 4023 possessionem
1150 3950 1406 4003 invasisse
1439 3967 1499 4004 ac
1521 3949 1770 4005 Iudaeam
1793 3967 2100 4023 occupass03
2131 3952 2276 4007 cuius
2297 3969 2446 4024 pars,
2476 3953 2632 4009 latius
2655 3953 2850 4010 diffusa
2869 3972 2960 4012 ve-

631 4037 804 4093 cabuli
824 4036 1036 4090 notione
1050 4078 1063 4103 ‚
1086 4035 1324 4090 Samaria
1344 4035 1458 4090 fuit.

766 4119 865 4174 Ἕκ
888 4138 939 4173 τε
961 4126 1050 4174 τοῦ
1075 4120 1328 4192 φυλάττειν
1352 4120 1439 4188 τὴν
1463 4123 1597 4192 γῆν.]
1657 4122 1860 4176 Primus
1882 4122 1982 4177 hoc
2003 4123 2261 4178 Eusebius
2283 4124 2340 4178 in
2361 4123 2627 4179 Chronicis
2659 4127 2895 4199 scripsit3
2925 4142 2960 4182 a

635 4225 740 4279 quo
763 4213 1030 4262 mutuatus
1052 4213 1136 4261 est
1154 4206 1499 4279 Epiphanius3
1535 4209 1581 4261 si
1604 4206 1732 4262 haec
1763 4215 1942 4263 tamen
1963 4209 2194 4275 Eusebfi,
2228 4227 2335 4264 non
2368 4210 2671 4281 Hieronymi
2694 4219 2832 4278 sunt,
2867 4213 2959 4284 qui

632 4293 926 4348 istiusmodi
956 4294 1159 4364 origine
1191 4292 1399 4363 saepius
1430 4293 1571 4348 lusit.
1630 4294 1762 4347 Huic
1785 4293 2105 4366 Epiphanius
2137 4312 2245 4350 non
2269 4295 2436 4349 beliae
2459 4298 2684 4352 nominis
2706 4299 2959 4371 interpre-

632 4381 817 4435 tatioui
849 4379 1154 4435 deteriorem
1187 4378 1379 4449 adjecit
1399 4378 1641 4445 alteram,
1675 4379 1961 4436 samaritas
1994 4382 2062 4437 ob
2087 4381 2141 4436 id
2164 4383 2450 4454 appellatos
2473 4401 2590 4439 esse
2623 4384 2761 4456 quod
2784 4387 2958 4457 legem

633 4466 965 4523 custodirent.

766 4553 830 4607 N.
854 4569 909 4606 ιι.
944 4548 1029 4604 Ἐν
1055 4555 1127 4622 τῷ
1152 4545 1251 4621 ὄρει
1274 4553 1348 4621 τῷ
1372 4545 1505 4621 παρὰ
1527 4554 1630 4615 τοῖς
1653 4549 1908 4623 sapitum]
1951 4552 2029 4607 De
2052 4554 2270 4609 duorum
2293 4557 2552 4612 montium
2571 4556 2818 4626 istorum,
2851 4557 2958 4614 Ga·

630 4640 758 4696 rizin
788 4644 843 4695 et
869 4637 1036 4695 Hebal
1076 4638 1188 4692 sive
1219 4635 1411 4702 Gebal,
1453 4637 1557 4692 situ
1588 4637 1731 4695 idem
1760 4640 1920 4695 sentit
1957 4637 2280 4713 Epiphanius
2314 4643 2453 4715 quod
2486 4642 2769 4713 Eusebius,
2820 4646 2869 4701 si
2909 4647 2958 4703 is
