3185 5219
0 4 157 185 [ff

2278 433 2568 523 ochxv·

217 590 555 646 substantiae
576 591 792 645 nomine
808 589 976 643 filium
993 606 1085 661 per
1103 589 1279 644 omnia
1299 590 1436 660 patri
1456 590 1681 643 similem
1707 605 1822 643 esse
1837 588 2218 660 profiterentur.
2253 591 2386 646 Hinc
2407 593 2560 647 tertia

224 678 315 731 iila
335 676 464 731 fidei
484 677 714 730 formula
737 677 983 740 manavit,
1008 691 1166 746 qnam
1183 676 1374 729 Valens
1399 675 1464 728 ad
1487 675 1813 729 Ariminense
1837 675 2112 728 concilium
2136 676 2334 741 detulit,
2355 684 2416 730 ut
2441 678 2558 747 Epi-

221 762 453 834 phanius
477 761 576 815 hac
599 762 714 833 ipsa
736 762 790 815 in
813 760 1016 815 haeresi
1036 765 1274 814 testatur.
1343 758 1513 824 Quam
1546 760 1753 830 quidem
1785 761 1923 831 apud
1946 759 2214 814 Socratem
2249 760 2436 828 habes,
2472 764 2559 816 ad-

223 849 438 920 scriptis
464 864 599 901 coss.
622 847 949 912 nominibus,
972 862 1079 917 qua
1101 846 1165 899 de
1188 862 1376 900 caussa
1399 845 1767 899 catholicorum
1792 846 2050 911 omnium,
2074 848 2377 917 praesertim
2403 846 2560 900 Atha-

225 933 388 999 nasii,
411 933 523 986 risu
548 948 608 986 ac
629 932 849 985 ludibrio
874 937 955 985 est
978 938 1213 1002 excepta.
1245 930 1439 985 Eodem
1459 948 1598 985 anno
1617 931 1853 985 Liberius
1871 931 2071 985 Beroea
2088 937 2360 986 revocatus
2384 932 2561 988 Sirmii

226 1019 430 1089 primae
458 1018 534 1071 illi
563 1016 820 1070 formulae
852 1017 1185 1088 subscripsit,
1220 1033 1354 1087 quae
1380 1015 1576 1070 Graece
1610 1033 1642 1069 a
1664 1017 1840 1070 Marco
1866 1023 2046 1070 contra
2065 1016 2343 1071 Photinum
2368 1019 2562 1090 scripta

223 1102 424 1168 fuerat,
449 1119 557 1156 non
580 1102 854 1156 secundae.
901 1101 1016 1166 Quo
1040 1103 1312 1173 impetrato
1336 1101 1559 1156 Romam
1583 1102 1876 1156 remittitur.

363 1190 520 1241 Anno
546 1203 799 1243 cccnvm.
823 1188 1064 1242 absoluta
1095 1187 1357 1241 Sirmiana
1385 1187 1816 1259 pseudosynodo,
1849 1186 2185 1242 Constantius
2208 1187 2562 1243 Nicomediam

227 1273 450 1327 alteram
473 1273 671 1328 indicit.
709 1272 814 1326 Sed
837 1288 899 1326 ea
915 1279 1083 1326 terrae
1101 1277 1246 1326 motu
1264 1279 1537 1344 prostrata,
1561 1290 1687 1327 mox
1713 1274 1869 1327 etiam
1893 1273 2101 1340 Nicaea,
2124 1290 2228 1344 quo
2252 1279 2561 1328 conventum

229 1358 500 1412 transferri
521 1359 812 1429 placuerat,
841 1358 1022 1412 eadem
1044 1359 1197 1411 ruina
1218 1359 1482 1413 subversa.

366 1445 524 1498 Anno
548 1443 758 1496 demum
783 1457 992 1499 cccmx.
1017 1443 1257 1497 bifariam
1280 1443 1568 1499 distributis
1592 1444 1846 1516 episcopis
1880 1445 2061 1497 eodem
2090 1451 2323 1516 tempore
2346 1445 2564 1500 Arimini

233 1544 293 1583 ac
318 1528 589 1583 Seleuciae
611 1529 666 1582 in
689 1527 890 1582 Isauria.
911 1528 1098 1598 synodi
1129 1528 1471 1582 celebrantur.
1539 1531 1685 1583 Hanc
1716 1530 1921 1582 illorum
1952 1534 2246 1600 temporum
2274 1531 2561 1597 historiam,

233 1614 530 1669 cuiusmodi
543 1614 598 1667 in
612 1614 901 1668 Annalibus
917 1615 1150 1680 traditur,
1174 1630 1294 1667 cum
1312 1614 1366 1667 in
1385 1614 1601 1668 caeteris
1619 1614 1866 1668 Nicolaus
1888 1614 2057 1668 Faber
2078 1617 2157 1668 vir
2182 1617 2561 1670 erudit-issimus

233 1717 338 1754 non
369 1700 657 1771 improbet,
692 1700 747 1753 in
780 1698 878 1753 hoc
904 1699 1143 1753 dissentit
1172 1716 1303 1764 uno,
1341 1700 1481 1770 quod
1502 1699 1708 1753 tertiam
1732 1700 1853 1754 fidei
1875 1700 2278 1771 professionem,
2313 1703 2397 1755 cui
2431 1719 2565 1757 coss.

233 1785 396 1838 additi
417 1792 557 1850 sunt,
586 1792 750 1855 negat
767 1785 823 1837 in
847 1784 1119 1839 Sirmiensi
1140 1785 1341 1855 synodo
1363 1785 1529 1838 fuisse
1563 1783 1859 1840 conflatam.
1928 1785 2111 1856 ltaque
2147 1787 2275 1840 duas
2313 1787 2568 1842 duntaxat

233 1871 432 1941 priores
456 1869 622 1923 editas
646 1877 760 1923 tum
784 1887 901 1923 esse
925 1876 1125 1935 censet,
1150 1885 1270 1924 cum
1295 1870 1539 1923 adversus
1563 1869 1841 1923 Photinum
1864 1870 2045 1924 Ariani
2069 1881 2434 1927 convenerunt.
2469 1874 2566 1928 Po·

235 1962 485 2010 :tremam
505 1972 624 2009 vero
649 1954 826 2008 Sirmii
847 1956 993 2008 illam
1018 1955 1227 2025 quidem
1252 1956 1460 2021 editam,
1484 1955 1575 2009 sed
1596 1956 1653 2009 in
1675 1955 1887 2008 fortuito
1911 1957 2274 2027 episcoporum
2297 1975 2566 2025 concursu,

235 2057 341 2095 non
362 2041 597 2111 legitimo
619 2040 916 2112 indictoque
940 2040 1176 2095 concilio.
1248 2040 1334 2094 Sic
1358 2041 1498 2093 enim
1521 2041 1791 2094 existimat
1816 2041 1870 2093 in
1903 2041 1993 2093 illa
2024 2042 2372 2111 praefatione,
2409 2061 2567 2115 quam

234 2126 416 2180 Hilarii
433 2125 747 2196 fragmentis
769 2125 1040 2196 praefixit,
1066 2125 1426 2179 Constantium
1453 2127 1617 2179 literis
1642 2125 1705 2178 ad
1723 2126 2059 2195 Ancyranum
2084 2126 2337 2182 Basilium
2360 2131 2567 2201 scriptis

233 2210 512 2265 mandasse
542 2217 603 2265 ut
634 2211 837 2265 deloco
870 2210 1135 2282 cogendae
1170 2211 1357 2281 synodi
1391 2228 1509 2265 cnm
1546 2211 1895 2265 Orientalibus
1931 2210 2250 2268 deliberaret.
2310 2213 2410 2267 Sed
2447 2231 2568 2268 cum

235 2297 371 2351 inter
391 2297 512 2351 illos
537 2296 813 2350 convenire
839 2313 943 2350 non
967 2303 1174 2367 posset,
1208 2296 1465 2350 Basilinm
1500 2296 1566 2349 ad
1597 2297 1830 2367 imperat.
1856 2297 2058 2350 venisse
2082 2297 2356 2364 Sirmium,
2390 2301 2566 2371 ibique

236 2382 472 2436 Marcum
503 2380 865 2445 Arethusium,
896 2382 1168 2435 Valentem
1203 2383 1437 2452 aliosque
1472 2383 1739 2453 reperisse.
1809 2383 1954 2435 'l'nnc
1989 2383 2190 2437 collatis
2226 2385 2480 2455 capitibus
2515 2391 2569 2440 et

237 2468 658 2539 conspirantibus
682 2466 746 2520 sd
771 2467 1055 2520 Nicaenarii
1084 2467 1242 2520 fidem
1273 2467 1601 2520 evertendam
1637 2467 1825 2520 animis
1858 2469 2105 2521 statuisse
2139 2474 2198 2521 nt
2228 2469 2450 2523 Nicaeae
2482 2487 2567 2541 sy-

236 2552 406 2607 nodus
428 2551 722 2606 haberetnr.
789 2552 916 2606 Post
937 2569 1057 2606 cum
1083 2552 1299 2606 eandem
1323 2554 1500 2606 urbem
1527 2558 1695 2606 terrae
1716 2558 1889 2605 motus
1913 2552 2215 2619 afflixisset,
2240 2556 2485 2609 statuisse
2508 2562 2569 2611 ut

237 2640 601 2710 episcoporum
632 2652 754 2710 pars
778 2638 1094 2704 Ariminum,
1127 2655 1247 2710 pars
1272 2640 1565 2692 Seleuciam
1599 2653 1716 2691 sese
1745 2638 2018 2694 conferret.
2066 2641 2142 2693 Ac
2162 2641 2413 2710 peridem
2436 2647 2566 2695 tem-

237 2740 336 2796 pus
372 2725 551 2778 Sirmii
591 2739 783 2778 novam
826 2739 888 2778 ac
929 2725 1138 2778 tertiam
1178 2723 1299 2777 fidei
1337 2723 1616 2777 formulam
1657 2738 1690 2775 a
1722 2723 1900 2776 Marco
1935 2723 2211 2777 Arethusia
2246 2725 2410 2778 fnisse
2444 2742 2567 2780 con·

235 2810 512 2881 scriptam,
547 2816 608 2864 ut
638 2824 707 2863 ex
733 2808 984 2863 Germinii
1014 2809 1259 2881 epistola,
1295 2824 1428 2880 quae
1462 2809 1518 2861 in
1551 2808 1862 2878 fragmentis
1894 2809 2100 2879 legitur,
2134 2809 2378 2863 Nicolans
2398 2809 2567 2865 Faber

238 2895 495 2950 observat.

404 3048 829 3104 REFELLITUR
859 3048 1218 3104 HISTORICA
1253 3048 1691 3103 SUPERIORUM
1724 3047 2000 3103 OMNIUM
2033 3047 2395 3106 NARRATIO.

370 3151 495 3206 Fuit
514 3151 613 3208 hoc
633 3154 797 3223 igitur
817 3152 1069 3206 hactenus
1091 3168 1399 3223 persuasum
1424 3153 1693 3216 omnibus,
1729 3153 1797 3205 ab
1832 3166 1938 3204 una
1971 3152 2254 3223 eademque
2288 3153 2565 3208 Sirmiensi

239 3237 440 3307 synodo
465 3237 870 3292 condemnatum
902 3255 1016 3292 esse
1043 3238 1348 3302 Photinum,
1385 3242 1436 3290 et
1469 3238 1578 3291 sive
1613 3243 1743 3302 tres,
1780 3238 1889 3290 sive
1926 3237 2054 3290 duas
2090 3238 2274 3292 saltem
2307 3239 2431 3293 fidei
2463 3239 2567 3293 for·

237 3324 411 3377 mulas
435 3340 552 3377 esse
574 3323 852 3394 profectas.
916 3322 1143 3388 Quarum
1167 3324 1415 3377 adversus
1436 3321 1646 3376 Photini
1667 3323 1916 3393 dogmata
1936 3325 2076 3393 prior
2099 3324 2235 3377 edita
2257 3331 2361 3389 est,
2384 3325 2438 3377 in
2465 3342 2570 3396 qua

240 3408 337 3463 deo
359 3425 552 3463 nomen
579 3408 745 3469 οὐσίας
776 3409 1081 3463 attributum
1115 3418 1219 3473 est,
1256 3424 1413 3479 quam
1448 3425 1617 3479 neque
1652 3410 1911 3473 collatari,
1946 3426 2114 3480 neque
2149 3409 2382 3463 contrahi
2414 3428 2569 3482 posse

240 3495 594 3549 decreverunt.
666 3494 835 3557 Quam
857 3494 1015 3547 etiam
1042 3493 1236 3547 Graece
1260 3508 1292 3545 a
1314 3494 1491 3547 Marco
1516 3493 1792 3549 Arethusio
1817 3495 2062 3564 scriptam
2085 3501 2304 3549 testatur
2327 3496 2568 3552 Socrates

237 3581 329 3635 lib.
349 3598 408 3634 ιι.
431 3596 548 3651 cap.
569 3597 690 3634 xxv.
739 3580 914 3633 Altera
945 3578 1130 3633 Latino
1162 3595 1401 3632 sermone
1434 3579 1649 3644 tradita,
1671 3581 1912 3644 Valente,
1947 3579 2183 3644 Ursacio,
2210 3580 2476 3635 Germinio
2509 3598 2570 3636 ac

239 3666 458 3720 caeteris
484 3666 740 3736 episcopis
760 3665 1144 3736 praesentibus,
1167 3670 1226 3717 ut
1247 3664 1515 3734 inscriptio
1539 3666 1656 3734 ipsa
1677 3665 1793 3717 fert.
1856 3664 1915 3716 In
1941 3680 2046 3733 qua
2068 3663 2234 3724 οὐσίας
2257 3682 2451 3719 nomen
2474 3684 2570 3721 nec

237 3768 344 3806 non
370 3756 425 3804 et
447 3749 715 3821 ὁμοουσίου
739 3757 893 3821 atque
920 3747 1200 3819 ὁμοιουσίου
1224 3750 1502 3814 vocabula,
1539 3748 1678 3819 qnod
1712 3750 1767 3800 in
1802 3749 1961 3801 sacris
1994 3749 2161 3801 literis
2184 3767 2291 3803 non
2315 3756 2572 3820 extarent,

240 3836 520 3890 obliterata
541 3841 667 3889 sunt
688 3837 815 3889 etin
838 3840 1144 3906 perpetuum
1165 3836 1468 3906 proscripta.
1502 3833 1639 3887 Nam
1663 3832 1724 3886 de
1749 3833 1899 3886 tertia
1922 3834 2122 3901 merito,
2144 3839 2205 3887 ut
2227 3842 2409 3905 postea
2430 3838 2571 3891 vide·

239 3921 431 3987 bimus,
454 3919 700 3974 Nicolaus
716 3921 884 3974 Faber
906 3926 1179 3991 repugnat,
1205 3936 1360 3989 quam
1385 3920 1472 3972 alii
1495 3918 1678 3972 eadem
1700 3919 1788 3972 illa
1810 3919 1865 3971 in
1883 3919 2082 3987 synodo
2100 3926 2289 3989 putant
2310 3938 2423 3975 esse
2448 3940 2568 3976 con-

239 4008 509 4078 scriptam.
565 4006 709 4060 flanc
735 4004 979 4071 Socratis,
1004 4005 1296 4068 Sozomeni,
1320 4004 1658 4073 aliorumque,
1683 4010 1741 4057 ut
1762 4021 1888 4057 mox
1913 4006 2188 4070 constabit,
2211 4005 2568 4061 hallucinatio-

239 4109 362 4146 nem
386 4092 540 4145 novis
564 4092 823 4145 erroribus
844 4091 1155 4144 recentiores
1177 4087 1408 4141 historici
1431 4090 1775 4141 cumularunt.
1828 4088 2059 4152 Quorum
2083 4108 2189 4144 non
2211 4093 2459 4145 minimus
2480 4092 2568 4145 ille

243 4186 348 4243 est,
381 4177 524 4249 qnod
546 4177 877 4247 Ancyranam
905 4174 1344 4229 Semiarianorum
1376 4174 1662 4242 synodum,
1698 4190 1831 4243 quae
1867 4175 2116 4228 adversus
2151 4176 2428 4229 secundam
2462 4176 2569 4229 Sir-

2620 3427 2663 3466 p.
2680 3414 2767 3459 311.

241 4264 499 4317 miensem
531 4262 808 4316 formulam
839 4261 1017 4315 habita
1050 4267 1153 4324 est,
1183 4260 1238 4312 in
1270 4258 1491 4312 eundem
1528 4274 1724 4311 annum
1759 4260 2065 4326 coniiciunt,
2099 4277 2200 4330 quo
2233 4276 2265 4313 a
2299 4261 2571 4314 Sirmiensi
2636 4321 2640 4325 ⁴

243 4349 465 4403 concilio
491 4348 766 4402 damnatus
791 4353 871 4401 est
891 4346 1156 4410 Photinus,
1179 4361 1365 4415 nempe
1391 4342 1581 4397 Christi
1607 4359 1837 4398 cccnvrr.
1886 4344 2081 4397 Verum
2111 4361 2208 4397 nos
2242 4361 2311 4398 ex
2342 4346 2569 4416 antiquis

241 4436 480 4505 patribus
502 4434 728 4505 primum
751 4432 878 4486 illud
903 4432 1101 4486 odorati
1118 4446 1324 4495 sumus,
1349 4435 1454 4483 tres
1478 4429 1689 4482 omniuo
1709 4434 1993 4482 conventus
2012 4430 2372 4500 episcoporum
2389 4432 2570 4486 eodem

243 4521 297 4574 in
321 4519 599 4574 Sirmiensi
623 4518 835 4589 oppido,
871 4536 978 4571 non
1011 4516 1194 4570 iisdem
1218 4515 1537 4587 temporibus
1561 4515 1847 4568 celebratos
1868 4515 2048 4568 fuisse.
2120 4514 2349 4578 Quorum
2372 4518 2569 4587 primus

245 4607 528 4676 synodicus
552 4610 605 4658 et
626 4604 851 4657 indictus
876 4604 988 4669 ruit,
1014 4618 1134 4656 cum
1159 4602 1403 4655 adversus
1427 4599 1704 4654 Photinum
1727 4599 2054 4670 imperatoris
2075 4601 2238 4654 literis
2272 4604 2419 4655 acciti
2448 4609 2574 4656 sunt

245 4692 503 4762 episcopi,
535 4690 723 4760 reliqui
755 4689 855 4743 duo
889 4688 1087 4742 fortuiti
1109 4689 1424 4757 minimeque
1456 4686 1793 4740 conciliorum
1825 4687 1943 4739 loco
1976 4701 2035 4738 ac
2069 4687 2280 4742 nomine
2313 4687 2572 4753 censendi,

2095 4789 2170 4845 S.
