3185 5219
525 370 772 430 CCLVIII

522 530 699 599 itaque
721 528 920 583 ratione
943 527 1087 599 prius
1119 527 1247 581 illud
1276 527 1538 582 decretum
1577 524 1641 581 de
1671 522 1979 581 celebrando
2013 542 2133 582 cum
2165 526 2370 582 Iudaeis
2402 524 2680 598 paschate,
2716 526 2765 581 si
2792 527 2855 582 in

522 616 696 668 verbis
717 614 846 685 ipsis
869 612 1082 667 haereas
1096 653 1109 678 ,
1133 612 1416 667 absurdum
1441 620 1494 666 et
1515 613 1582 666 ab
1607 613 1958 667 ecclesiastico
1981 613 2084 666 ritu
2101 629 2315 683 prorsus
2332 610 2615 669 abhorrens
2632 612 2853 668 videtur.

523 699 645 753 Ideo
671 716 818 753 mens
843 700 955 752 eius
989 715 1049 752 ac
1082 699 1341 753 sententia
1369 699 1542 768 magis
1574 713 1733 768 quam
1755 713 1911 751 voces
1942 698 2283 753 attendendae
2317 704 2454 752 sunt.
2520 697 2857 752 Sententiam

526 801 650 855 ergo
675 784 918 854 deinceps
941 785 1183 855 explicat.
1230 784 1398 849 Quam
1431 784 1739 854 priusquam
1770 784 2104 853 attingimus,
2134 783 2437 837 observabis
2458 784 2687 854 priorem
2706 783 2856 837 illam

525 868 800 938 ἀντινομίαν
824 878 877 924 et
897 871 1273 923 contrariarum
1306 871 1482 940 legum
1513 867 1838 933 conflictum,
1881 884 2037 938 quem
2067 870 2123 923 in
2156 869 2453 938 exemplum
2486 869 2705 922 allatum
2734 884 2855 921 esso

525 955 781 1020 diximus,
805 956 1019 1008 minime
1042 953 1140 1008 hoc
1163 955 1278 1009 loco
1303 954 1532 1009 dissolvi.
1565 952 1684 1008 Non
1709 955 1849 1009 enim
1873 955 2104 1024 explicat
2124 944 2385 1024 quomodo
2408 955 2475 1008 ab
2499 954 2737 1024 generali
2759 954 2857 1007 ina

525 1039 588 1093 de
610 1041 804 1093 ieiunio
828 1040 1195 1094 constitutione
1220 1040 1478 1093 dominica
1500 1038 1610 1092 dies
1636 1038 1944 1110 excipienda
1967 1039 2048 1091 sit.
2085 1038 2189 1092 Sed
2206 1035 2333 1091 κασᾶ
2351 1037 2672 1109 σιωπώμενον
2689 1036 2857 1092 eximi

525 1124 817 1179 Christiano
841 1142 984 1179 more
1009 1125 1338 1196 significavit.
1385 1124 1462 1177 De
1488 1140 1589 1194 quo
1614 1141 1769 1178 nemo
1795 1124 2080 1178 dubitabat.
2125 1123 2377 1188 Quocirca
2400 1139 2534 1195 quae
2558 1130 2859 1194 sequuntur

524 1212 592 1265 ad
610 1208 887 1281 ἀντινομίαν
907 1211 1122 1264 alteram
1154 1227 1215 1263 ao
1240 1211 1560 1280 quaestionis
1586 1215 1743 1281 caput
1764 1210 1938 1280 ipsum
1957 1209 2203 1273 attinent,
2228 1214 2384 1278 atque
2402 1208 2530 1263 illud
2546 1209 2855 1280 explanant,

526 1314 629 1369 quo
653 1314 812 1351 sensu
835 1296 1181 1368 apostolicum
1201 1296 1330 1349 illud
1354 1296 1617 1349 decretum
1640 1294 1997 1365 accipiendum
2020 1296 2112 1360 sit,
2143 1308 2263 1348 cum
2289 1293 2493 1349 Iudaeis
2514 1293 2716 1365 pascha
2737 1310 2859 1348 esse

525 1383 906 1439 celebrandum.
975 1381 1094 1436 Non
1123 1382 1265 1435 enim
1288 1388 1536 1452 perpetuo
1559 1396 1679 1434 cum
1702 1380 1805 1434 illis
1838 1379 2194 1451 peragendum
2216 1384 2320 1445 est,
2355 1380 2447 1433 sed
2476 1385 2591 1434 tum
2611 1380 2861 1435 videlicet

526 1485 646 1523 cum
670 1474 791 1539 post
810 1468 1197 1538 aequinoctium
1218 1465 1298 1519 illi
1317 1482 1474 1520 suum
1492 1464 1691 1536 pascha
1713 1466 1992 1521 celebrant.
2039 1466 2245 1535 Alioqui
2267 1466 2339 1530 si,
2370 1466 2447 1519 uti
2474 1481 2854 1536 saepenumero

523 1554 747 1619 faciunt,
771 1553 1155 1623 aequinoctium
1179 1557 1532 1616 antevertant,
1553 1550 1795 1605 imitandi
1816 1566 1923 1605 non
1946 1557 2112 1605 erunt.
2158 1550 2254 1605 Est
2274 1551 2432 1620 igitur
2454 1550 2588 1621 legis
2609 1552 2714 1604 ista
2734 1566 2855 1605 sen·

526 1641 708 1705 tentia,
743 1645 804 1692 ut
825 1637 1153 1708 aequinoctio
1184 1637 1465 1691 commisso
1488 1652 1611 1691 cum
1630 1636 1835 1691 Iudaeis
1858 1636 2055 1708 pascha
2074 1636 2376 1690 celebretur.
2422 1636 2538 1702 Eis,
2572 1652 2709 1705 quae
2730 1634 2855 1690 hac-

523 1731 678 1779 tenus
721 1725 861 1778 dicta
900 1728 1046 1787 sunt,
1091 1721 1361 1777 subductis
1395 1721 1639 1775 omnibus
1682 1737 1747 1775 ea
1779 1721 1843 1775 de
1882 1721 2166 1792 apostolico
2206 1721 2296 1774 illo
2336 1719 2540 1775 decreto
2570 1720 2857 1792 Epiphanii

525 1810 786 1863 sententia
814 1808 1092 1878 colligitur,
1125 1809 1307 1878 primis
1341 1808 1590 1861 ecclesiae
1622 1807 1969 1879 temporibus,
2003 1806 2306 1877 praesertim
2339 1805 2587 1875 quamdiu
2618 1808 2857 1878 episcopi

526 1912 593 1948 ex
611 1894 999 1948 circumcisione
1015 1892 1389 1962 Hierosolymis
1403 1892 1759 1963 praefuerunt,
1782 1897 2037 1946 statutum
2054 1908 2170 1945 esse
2188 1891 2266 1944 uti
2285 1889 2478 1962 pascha
2500 1906 2625 1945 cum
2644 1891 2855 1947 Iudaei-s

526 1980 770 2045 obii-etur,
803 1977 901 2032 hoo
932 1984 1012 2031 est
1044 1979 1170 2032 luna
1193 1996 1301 2035 xxv.
1327 1994 1711 2048 quamcumque
1741 1979 1797 2031 in
1830 1977 1967 2031 diem
1998 1977 2261 2042 inciderit,
2295 1977 2574 2031 dummodo
2608 1977 2853 2031 confecto

525 2066 630 2119 iam
665 2064 992 2134 aequinoctio
1027 2064 1315 2133 contingat.
1381 2064 1462 2117 Ita
1483 2063 1624 2119 enim
1646 2063 1802 2129 illud,
1826 2062 1965 2133 quod
1988 2062 2198 2116 eaedem
2222 2062 2630 2117 constitutiones
2652 2063 2855 2127 iubent,

526 2150 725 2205 accidet
755 2155 813 2205 ut
832 2150 1134 2219 lugentibus
1163 2148 1396 2215 Iudaeis,
1431 2147 1529 2203 hoc
1564 2156 1645 2203 est
1677 2165 1781 2220 quo
1816 2148 1899 2202 die
1932 2162 2118 2216 asyma
2151 2164 2273 2203 cum
2302 2148 2519 2202 lactucis
2552 2148 2853 2217 agrestibus

526 2234 827 2300 comedunt,
862 2235 1135 2305 epulentur
1168 2232 1465 2289 Christiani.
1535 2235 1769 2288 Alterum
1799 2239 1995 2300 autem,
2036 2239 2096 2287 ut
2125 2233 2227 2286 illis
2258 2232 2486 2287 vicissim
2516 2233 2855 2303 epulantibus

525 2322 738 2391 lugeant
760 2321 872 2385 isti,
907 2320 1128 2373 obtineri
1151 2337 1257 2374 non
1277 2324 1472 2391 potest,
1502 2319 1609 2372 nisi
1637 2318 1883 2390 postridie
1915 2316 2183 2389 paschatis
2202 2316 2506 2382 Christiani,
2536 2318 2649 2371 sive
2680 2318 2853 2388 prhno

530 2405 612 2460 die
635 2422 939 2476 azymorum
961 2403 1314 2470 Iudaicorum,
1337 2405 1625 2458 ieiunatum
1643 2421 1735 2475 per
1751 2403 1880 2456 illud
1897 2408 2103 2474 tempus
2124 2405 2176 2457 in
2197 2403 2416 2457 ecclesia
2430 2403 2593 2457 fuisse
2612 2404 2853 2457 velimus.

527 2489 675 2555 Quod
699 2497 780 2544 est
799 2491 1156 2545 falsissimum.
1226 2488 1438 2543 Certum
1471 2488 1613 2542 enim
1642 2494 1723 2543 est
1742 2489 1866 2543 totis
1888 2489 1991 2542 illis
2016 2488 2395 2559 quinquaginta
2416 2488 2626 2555 diebus,
2660 2489 2750 2559 qui
2780 2487 2855 2542 ad

525 2582 860 2649 pentecosten
880 2576 1207 2631 intercedunt
1228 2591 1262 2629 a
1282 2572 1556 2646 paschate,
1587 2573 1840 2629 ieiunium
1870 2575 1938 2629 ab
1970 2573 2192 2628 ecelesia
2224 2590 2340 2629 esse
2374 2574 2658 2629 sublatum.
2703 2573 2854 2628 Tunc

524 2664 687 2734 igitur
718 2665 889 2718 solum
921 2663 1126 2716 evenire
1158 2660 1285 2715 illud
1315 2661 1514 2732 potuit,
1546 2666 1609 2714 ut
1638 2659 1964 2731 epulantibus
1994 2659 2199 2714 Iudaeis
2232 2659 2513 2714 Christiani
2540 2660 2856 2726 ieiunarent,

527 2751 729 2819 quoties
763 2756 884 2803 ante
905 2765 1123 2802 vernum
1156 2746 1544 2817 aequinoctium
1568 2760 1601 2799 a
1622 2745 1827 2799 Iudaeis
1852 2743 2048 2817 pascha
2078 2751 2427 2816 perageretur,
2457 2748 2582 2816 quia
2614 2746 2853 2800 nondum

526 2834 805 2889 Christiani
833 2835 1086 2888 ieiunium
1115 2833 1400 2887 solvebant.
1450 2831 1643 2885 Verum
1674 2832 1820 2885 nulla
1852 2836 1963 2884 tam
1995 2831 2269 2884 enucleata
2297 2829 2451 2885 huius
2481 2836 2539 2885 et
2565 2831 2853 2902 superioris

523 2922 725 2974 numeri
752 2920 1027 2974 declaratio
1050 2923 1224 2990 potest
1244 2917 1557 2988 excogitari,
1590 2916 1718 2988 quin
1747 2915 2028 2986 plurimum
2062 2914 2227 2969 adhuc
2258 2916 2577 2971 difficultatis
2608 2917 2852 2988 supersit.

525 3005 652 3069 Quis
677 3007 817 3060 enim
839 3004 1273 3077 pseudodiataxes
1297 3004 1425 3056 istas
1447 3003 1581 3056 inter
1614 3018 1670 3055 se
1703 3000 1978 3055 conciliare
2010 3003 2203 3072 possit,
2236 3017 2356 3055 cum
2387 3001 2515 3055 alias
2546 3001 2746 3072 pascha
2765 3002 2853 3056 Iu·

527 3091 672 3145 daice
694 3091 1060 3144 celebrandum
1084 3106 1199 3143 esse
1221 3088 1501 3154 definiunt,
1534 3087 1773 3158 quamvis
1797 3086 2035 3140 aberrent
2055 3086 2253 3152 Iudaei,
2284 3087 2412 3140 alias
2434 3086 2641 3141 Iudaeis
2664 3104 2857 3158 asyma

525 3177 896 3262 peragentibus
919 3175 1127 3228 ieiuniis
1150 3191 1212 3227 ac
1233 3174 1429 3244 vigiliis
1454 3173 1657 3244 operari
1681 3170 2034 3227 Christianos?
2067 3189 2127 3226 sc
2148 3172 2349 3243 reliqua
2380 3171 2447 3225 ad
2476 3190 2593 3227 eum
2616 3174 2853 3240 modum,

528 3277 661 3332 quae
684 3262 829 3313 nulla
849 3260 1203 3330 interpretatio
1226 3259 1293 3313 ab
1319 3275 1487 3312 errore
1508 3266 1794 3328 mutuaque
1817 3259 2141 3313 contentione
2163 3258 2425 3313 vindicare
2446 3264 2635 3330 potest.

661 3344 724 3399 N.
748 3363 842 3400 ιω.
889 3341 1015 3414 Παρ’
1037 3342 1154 3414 ἡμῖν
1180 3341 1233 3395 δὲ
1267 3343 1325 3395 οὗ
1361 3342 1490 3414 ulau]
1559 3344 1667 3398 Sex
1702 3343 1810 3397 dies
1846 3342 2220 3398 hebdomadem
2253 3344 2473 3411 faciunt,
2508 3344 2855 3399 adnumerata

525 3430 787 3502 paschatis
811 3430 1131 3495 celebritate,
1156 3445 1290 3500 quae
1312 3427 1690 3484 hebdomadem
1713 3429 1971 3484 terminat.

661 3515 895 3568 Τουτέστι
918 3519 1003 3582 τῆς
1026 3514 1271 3583 σελήνης]
1303 3515 1446 3569 Haec
1469 3519 1549 3568 est
1571 3515 1772 3585 glossa,
1799 3531 1954 3585 quam
1979 3532 2047 3570 ex
2070 3516 2335 3569 communi
2356 3515 2615 3569 sententia
2637 3515 2703 3570 ad
2726 3516 2851 3570 scri-

527 3609 708 3674 pturae
730 3604 903 3656 locum
926 3602 1178 3655 adtexuit.
1220 3599 1401 3671 Neque
1424 3600 1562 3654 enim
1584 3600 1741 3653 lunae
1763 3602 2018 3672 scriptura
2040 3599 2138 3655 hoc
2160 3601 2214 3654 in
2238 3601 2449 3670 negotio
2470 3601 2733 3667 meminit,
2755 3602 2852 3656 sed

527 3705 763 3743 mensem
785 3688 1040 3742 duntaxat
1061 3686 1313 3741 nominat.
1358 3683 1467 3739 Nos
1492 3684 1553 3738 de
1575 3685 1883 3740 Iudaeorum
1906 3703 2044 3740 anno
2067 3702 2225 3758 supra
2247 3685 2599 3742 disseruimus.

661 3774 755 3826 Καὶ
778 3772 858 3826 ἐὰν
884 3772 970 3843 μὲν
991 3768 1052 3840 ἦν
1076 3768 1611 3843 τεσσαρεσκαιδεκάτῃ.]
1678 3770 1797 3825 Non
1824 3773 1979 3826 unius
2003 3771 2104 3826 diei
2123 3770 2411 3842 paschatis,
2445 3772 2537 3825 sed
2565 3772 2729 3826 totius
2757 3772 2849 3827 he-

527 3860 796 3914 bdomadis
816 3859 1072 3912 rationem
1093 3857 1252 3913 habet
1271 3857 1512 3923 ecclesia,
1536 3873 1697 3927 quam
1716 3857 2064 3928 xerophaqiae
2076 3895 2090 3921 ,
2125 3863 2215 3911 aut
2236 3866 2497 3922 sanctam,
2529 3862 2625 3910 aut
2637 3858 2849 3928 paseha

528 3947 685 3999 etiam
707 3945 1055 4015 appellarunt,
1089 3949 1149 3996 ut
1176 3943 1242 3996 ad
1263 3942 1424 3997 finem
1446 3942 1601 3996 huius
1626 3943 1794 4013 operis
1827 3942 2151 3997 adnotamus.
2221 3942 2276 3995 si
2311 3942 2472 4013 igitur
2500 3959 2609 3996 xrv.
2634 3944 2762 3997 luna
2792 3945 2849 3998 in

528 4031 712 4085 feriam
734 4030 1019 4083 secundam
1039 4027 1303 4093 inciderit,
1330 4033 1422 4081 aut
1443 4027 1498 4081 in
1518 4028 1746 4099 reliquos
1768 4027 2119 4082 hebdomadae
2142 4026 2250 4080 dies
2270 4027 2339 4080 ad
2363 4028 2641 4081 sabbatum
2664 4044 2849 4098 usque,

529 4115 810 4169 hebdomas
832 4109 1186 4186 xerophagiae
1210 4113 1514 4178 celebratur,
1538 4119 1590 4166 et
1613 4129 1645 4165 a
1666 4113 1795 4167 feria
1812 4113 2036 4167 secunda
2055 4111 2163 4165 eius
2180 4111 2388 4166 initium
2405 4113 2623 4167 ducitur.
2656 4113 2848 4167 Totam

529 4201 663 4255 hanc
685 4200 1062 4254 hebdomadem
1087 4198 1217 4269 θῦμα
1240 4196 1515 4269 προβάτου,
1539 4203 1891 4253 'uastationem
1914 4202 2041 4267 aym·
2061 4204 2348 4268 nuncupat,
2373 4199 2497 4269 quia
2515 4199 2571 4252 in
2594 4206 2850 4270 apparatu

531 4287 842 4340 celebritatis
865 4293 918 4340 et
938 4284 1310 4340 immolationis
1334 4284 1443 4337 dies
1466 4285 1664 4354 aliquot
1685 4299 1719 4336 a
1741 4282 1943 4336 Iudaeis
1969 4282 2093 4336 olim
2113 4284 2288 4353 positi.
2329 4282 2463 4337 Nam
2487 4283 2637 4354 μέσον
2661 4281 2849 4356 ἄγεται,

532 4376 591 4425 ut
606 4387 762 4442 supra
779 4371 1065 4436 docuimus,
1087 4367 1217 4423 nihil
1234 4367 1374 4422 aliud
1391 4374 1488 4434 est,
1513 4386 1672 4439 quam
1690 4369 1988 4434 celebratur,
2001 4374 2293 4438 peraqitur.
2328 4368 2417 4423 Sic
2437 4369 2564 4422 illud
2584 4369 2849 4436 Ioanam„

536 4456 614 4508 14.
643 4455 739 4523 ἤδη
774 4453 826 4508 δὲ
856 4460 938 4523 τῆς
971 4453 1139 4527 ἑορτῆς
1164 4453 1404 4524 μεσούσης
1436 4454 1602 4525 accipi
1629 4459 1814 4525 potest.
1885 4451 2155 4507 Caeterum
2190 4453 2506 4521 dominicae,
2541 4455 2652 4509 sive
2686 4455 2851 4510 feriae

533 4542 730 4609 primae
747 4538 973 4594 hocloco
996 4557 1102 4595 non
1123 4537 1385 4605 meminit,
1409 4540 1546 4609 quod
1571 4541 1639 4593 ab
1662 4555 1726 4593 ea
1747 4555 2013 4609 nunquam
2035 4538 2386 4610 xerophagiae
2409 4537 2696 4594 hebdomas
2716 4542 2849 4595 inire

533 4625 723 4696 possit,
744 4640 862 4678 cum
883 4625 1142 4681 dominico
1165 4625 1247 4681 die
1269 4623 1500 4684 ieiunare
1520 4641 1629 4681 uon
1648 4624 1818 4680 liceat.
1862 4624 1929 4679 Et
1949 4631 2123 4678 tamen
2147 4624 2194 4678 si
2215 4625 2271 4679 in
2295 4641 2411 4679 eam
2434 4643 2539 4682 xrv.
2558 4625 2714 4681 lunae
2737 4626 2851 4681 dies
