3185 5219
2476 438 2594 495 LIII

380 592 444 647 N.
468 610 624 647 xvm.
658 590 789 645 Ἀπό
812 610 862 646 τε
888 592 1179 662 Ναβατίας]
1232 592 1490 666 Corrupta
1511 610 1619 648 vox
1642 599 1724 647 est
1745 593 2015 663 Ναβατέας.
2067 593 2249 665 Neque
2273 593 2414 648 enim
2445 593 2511 648 iis
2535 594 2592 649 in

252 678 374 733 loeis
396 678 641 732 Nabatea
663 679 795 744 ulla,
817 679 922 733 nisi
942 678 1110 733 fallor.
1144 677 1452 733 Nabathaea
1475 679 1708 751 quidem,
1732 680 1842 733 sive
1861 679 2127 733 Nabataea
2140 719 2154 745 ,
2176 680 2404 733 Arabiae
2423 678 2592 734 felicis

251 766 394 835 regio
417 770 525 831 est,
557 769 651 818 ant
672 766 720 818 ei
744 770 880 818 certe
902 765 1171 836 proxima,
1204 763 1305 818 hoc
1338 770 1420 818 est
1440 766 1686 818 Petraeae
1708 781 1844 835 pars.
1902 764 2074 829 Quare
2107 780 2214 819 non
2248 765 2429 818 dubito
2462 766 2590 836 quin

250 850 485 904 Batanea
512 849 615 903 hoc
646 851 763 904 loco
795 850 1076 920 legendnm
1109 851 1195 906 sit.
1267 850 1412 915 Quae
1446 856 1525 903 est
1548 849 1733 919 Syriae
1767 850 1913 920 regio
1947 850 2286 920 Palmyrenae
2326 852 2498 904 vicina
2539 857 2593 904 et

247 935 502 1001 Panead13
522 935 758 1002 Ptolem„
783 934 961 1008 Steph.
984 935 1239 989 Βατανέαν
1275 934 1492 988 συνοικία
1519 935 1721 1005 Συρίας,
1747 934 1777 1003 ἡ
1803 936 1883 989 καὶ
1907 936 2128 988 Βατανέα
2150 933 2335 996 ἕνικῶς.
2371 937 2515 989 Adde
2539 944 2593 991 et

250 1022 301 1076 in
326 1022 411 1093 Og
444 1037 610 1092 regno
640 1022 820 1075 fuisse.
873 1022 1006 1076 Hinc
1037 1039 1132 1094 pro
1167 1039 1228 1075 eo
1254 1021 1391 1093 quod
1412 1021 1636 1075 Hebraei
1662 1021 1949 1093 Graecique
1973 1023 2056 1092 Og
2087 1036 2264 1091 regem
2288 1021 2462 1076 Busan
2500 1039 2590 1093 ap·

248 1108 474 1180 pellant,
499 1106 792 1162 OEraldaeus
815 1112 985 1197 'juram
1009 1107 1189 1174 habet,
1214 1107 1352 1178 quod
1376 1108 1441 1160 ad
1460 1106 1726 1161 Bataneae
1744 1108 2056 1161 vocabulum
2081 1107 2303 1172 accedit,
2325 1114 2388 1160 ut
2410 1108 2476 1160 ad
2495 1127 2589 1165 ιιι.

248 1194 350 1249 Ios.
374 1193 580 1247 Masius
605 1195 862 1248 observat.
914 1194 973 1248 In
1008 1194 1190 1248 eodem
1224 1193 1525 1247 Basanitico
1557 1199 1728 1247 tractu
1751 1194 1852 1247 fuit
1874 1200 1926 1246 et
1947 1191 2103 1247 Edrai
2124 1198 2336 1257 ψ’·Πκ
2351 1235 2364 1258 ,
2393 1193 2589 1247 Graece

248 1275 436 1351 Ἀδραΐ.
491 1279 662 1344 Quam
687 1278 878 1334 Adram
900 1278 1118 1336 Ptolem.
1142 1285 1294 1352 putat
1314 1279 1453 1332 idem
1476 1280 1695 1334 Masius.
1747 1279 1892 1344 Quae
1914 1280 1968 1332 in
1993 1278 2293 1349 coelesyria
2315 1295 2346 1331 a
2367 1278 2588 1333 Ptolom.

248 1370 568 1420 numeratur.

381 1451 446 1505 N.
470 1470 623 1505 xvrn.
668 1450 796 1525 Τοὺς
821 1449 875 1503 δὲ
899 1451 1152 1521 προφήτας
1176 1449 1376 1521 λέγουσι
1400 1448 1677 1518 συνέσεως]
1731 1448 2108 1519 Intelligentiae
2143 1448 2447 1520 prophetas,
2482 1468 2590 1505 non

246 1538 478 1591 veritatis
512 1534 802 1608 appellatos
842 1536 958 1589 ideo
994 1536 1324 1600 crediderim,
1367 1536 1506 1606 qnod
1545 1536 1758 1589 tametsi
1789 1552 1963 1589 rerum
1994 1535 2368 1588 altissimarum
2401 1536 2591 1589 intelli-

248 1624 427 1694 gentia
449 1627 627 1675 essent
660 1622 1018 1692 sapientiaque
1040 1622 1285 1693 praediti,
1308 1637 1414 1675 non
1438 1627 1617 1674 tamen
1642 1621 1911 1674 mendacio
1936 1621 2080 1675 omni
2104 1621 2377 1674 caruerint.
2443 1610 2462 1631 ⁹

379 1707 444 1762 N.
476 1726 589 1762 ιιι.
640 1700 825 1759 Ἦλθεν
856 1704 1082 1773 Ἰωάννης
1114 1703 1163 1758 ἐν
1197 1703 1345 1777 ὁδῷ]
1411 1708 1552 1761 Haec
1596 1708 1778 1772 verba,
1813 1704 1862 1758 ἐν
1895 1703 2002 1776 ὁδῷ
2035 1706 2365 1772 δικαιοσύνης,
2397 1707 2480 1759 vel
2522 1707 2588 1761 ab

244 1793 539 1867 Epiphanio
562 1794 782 1858 inserta,
806 1794 887 1846 vel
911 1792 1237 1846 librariorum
1258 1792 1386 1845 vitio
1409 1792 1615 1845 intrusa
1637 1798 1775 1848 sunt.

380 1878 446 1932 N.
472 1897 565 1934 xx.
602 1877 846 1950 Παρθένος
872 1877 927 1930 δὲ
950 1877 1008 1929 οὗ
1033 1876 1293 1945 καλεῖται]
1344 1876 1475 1930 Vide
1511 1879 1724 1932 omnino
1762 1894 1895 1948 quae
1918 1877 2116 1930 erudite
2142 1877 2207 1930 ad
2230 1878 2379 1930 illum
2402 1877 2590 1931 Esaiae

247 1966 422 2019 locum
448 1964 663 2017 disserit
682 1964 891 2018 Hieron.
927 1963 989 2017 de
1011 1978 1139 2017 voce
1175 1934 1411 2032 flnby,
1436 1963 1489 2017 in
1515 1981 1621 2034 qua
1643 1964 1951 2017 calumniari
1975 1963 2150 2015 Iudaei
2173 1964 2358 2017 solent.
2411 1963 2516 2017 Sed
2539 1970 2593 2017 et

242 2049 478 2103 Basilius
503 2050 568 2102 ad
592 2066 683 2103 vn.
708 2049 828 2104 Esa.
856 2050 1038 2103 eodem
1075 2054 1384 2119 argumento
1418 2048 1666 2102 adversus
1691 2049 1909 2103 Iudaeos
1943 2050 2105 2101 utitur
2133 2065 2238 2119 quo
2262 2048 2585 2119 Epiphanius

243 2135 517 2189 Ebionitai!
534 2135 814 2205 redarguit.
851 2134 1016 2202 Quod,
1038 2135 1143 2189 nisi
1164 2134 1447 2205 parituram
1466 2136 1724 2204 virginem
1742 2134 1994 2207 propheta
2010 2133 2375 2204 significasset,
2399 2135 2592 2189 frustra

242 2228 500 2292 tanquam
523 2222 735 2290 signum
759 2221 887 2274 illud
910 2222 1085 2291 ipsum
1109 2221 1219 2291 regi
1243 2220 1626 2275 denunciasset.

381 2305 469 2369 Ὦς
494 2305 576 2358 καὶ
600 2306 749 2366 αὐτὸς
773 2301 1020 2374 Ἡσαΐας]
1073 2306 1222 2360 Hunc
1255 2304 1441 2359 Esaiae
1472 2307 1670 2372 locum,
1706 2321 1861 2376 quem
1897 2305 1960 2358 de
1984 2303 2173 2358 Christi
2207 2304 2405 2359 domini
2431 2322 2586 2376 gene-

244 2394 448 2447 ratione
484 2408 546 2445 ac
580 2397 945 2445 sacrosanctae
966 2392 1199 2461 Virginis
1234 2396 1384 2463 partu
1417 2392 1667 2462 intelligit
1688 2390 2034 2463 Epiphanius,
2075 2390 2254 2444 Patres
2298 2408 2480 2445 omnes
2521 2392 2587 2445 ad

244 2479 535 2551 spiritalem
561 2478 811 2532 ecclesiae
834 2484 1041 2549 partum
1065 2477 1322 2542 referunt,
1347 2494 1483 2549 quae
1506 2479 1619 2531 sine
1643 2478 1752 2531 ullo
1769 2477 1944 2530 dolore
1967 2493 2099 2547 pene
2124 2482 2390 2530 momento
2414 2477 2588 2531 infmi-

244 2570 327 2619 tos
346 2562 553 2619 Christo
575 2563 713 2618 filios
737 2564 937 2636 peperit
960 2564 1197 2635 paritque
1221 2564 1467 2636 quotidie.
1503 2563 1582 2618 Ita
1609 2564 1669 2619 D.
1685 2564 1914 2628 Hieron„
1937 2562 2318 2632 Theodoram,
2344 2562 2585 2634 Cyrillu8‚

240 2651 436 2705 Euseb.
460 2652 551 2706 lib.
576 2667 608 2704 ι.
633 2649 832 2705 Eccles.
860 2650 994 2703 Hist.
1020 2667 1134 2721 cap.
1156 2669 1249 2713 m,
1274 2650 1465 2721 aliique
1488 2650 1799 2718 complures.

381 2735 467 2798 Ὦς
492 2736 573 2789 καὶ
596 2734 827 2807 Ἱερεμίας
851 2735 958 2806 περὶ
983 2735 1179 2803 αὐτοῦ]
1229 2736 1411 2808 Neque
1444 2734 1529 2789 hic
1562 2737 1706 2789 locus
1733 2735 1797 2787 ad
1823 2734 2082 2788 Christum
2104 2735 2312 2805 proprie
2335 2736 2583 2804 pertinet:

244 2823 457 2877 tametsi
486 2821 723 2895 plerique
756 2821 853 2877 ΡΡ.
879 2821 943 2874 ad
978 2838 1098 2875 eum
1133 2837 1345 2888 sensum
1381 2821 1664 2885 traxerint,
1706 2837 1838 2889 qnos
1870 2818 2197 2888 reprehendit
2223 2820 2585 2887 Hieronymus.

242 2907 409 2963 Cuius
440 2908 653 2979 quidem
687 2907 1126 2978 interpretationis
1160 2923 1376 2960 cansam
1411 2906 1588 2960 attulit
1621 2923 1788 2958 ιιιιι.
1821 2905 2000 2956 lectio:
2037 2905 2126 2972 qui
2160 2904 2227 2957 ab
2263 2904 2497 2957 Hebraeo
2534 2912 2588 2958 et

240 2995 474 3065 Vulgata
496 2994 806 3064 discrepant.
859 2991 991 3046 Nam
1026 2993 1281 3046 Hebraica
1313 3007 1415 3045 vox
1441 2995 1610 3052 wan
1635 2989 1996 3054 inscrutabile,
2032 2989 2140 3041 sive
2174 2989 2494 3060 desperabile
2517 2992 2586 3045 si-

241 3077 478 3149 gnificat.
525 3079 595 3131 At
616 3078 692 3131 illi
725 3065 899 3140 mbr(
914 3119 926 3143 ,
949 3078 1049 3132 hoc
1073 3082 1156 3131 est
1177 3078 1319 3131 homo
1341 3078 1597 3147 legerunt.

379 3163 445 3216 N.
470 3181 580 3217 ιιι.
621 3162 712 3215 Καὶ
739 3168 815 3232 τῷ
839 3162 1130 3234 βουλομένῳ
1154 3163 1239 3224 τὰς
1262 3163 1470 3234 χεῖρας]
1506 3161 1631 3231 Leg.
1658 3164 1731 3231 τῷ
1757 3159 1824 3231 μὴ
1849 3159 2156 3233 βουλομένῳ.

379 3248 444 3302 N.
465 3267 611 3302 xxiv.
648 3246 801 3300 Πάλιν
827 3247 880 3301 el
905 3246 935 3301 ὁ
957 3248 1147 3316 αὐτός]
1194 3249 1341 3302 Hanc
1364 3248 1572 3303 Ioannis
1597 3247 1891 3311 historiam,
1927 3263 2085 3317 quam
2120 3265 2153 3302 a
2175 3247 2460 3319 Polycarpo
2497 3265 2583 3303 ac·

234 3341 478 3407 ceperat,
510 3335 669 3388 refert
702 3335 832 3388 lren.
855 3335 947 3388 lib.
966 3351 1045 3389 ru.
1073 3349 1185 3405 cap.
1208 3353 1311 3399 ιιι,
1346 3340 1398 3387 et
1419 3333 1606 3387 Euseb.
1632 3333 1719 3386 lib.
1739 3351 1817 3386 ιιι.
1840 3334 1974 3388 nist.
2000 3350 2111 3405 cap.
2131 3351 2217 3389 ιι.
2278 3334 2382 3388 Sed
2406 3333 2583 3390 Cerin-

235 3420 391 3475 thnm
406 3463 419 3490 ,
453 3436 560 3474 non
583 3419 864 3485 Ebionem,
898 3419 1217 3474 haereticum
1240 3419 1386 3472 illum
1410 3419 1572 3472 fnisse
1599 3419 1930 3472 consentiunt
1952 3437 2149 3474 omnes.
2197 3419 2368 3484 Quare
2393 3439 2583 3493 μνημο-

237 3505 377 3559 νικὸν
401 3510 487 3559 est
508 3503 716 3577 σφάλμα
737 3503 1016 3577 Epiphanii
1038 3507 1219 3559 nostri.

375 3590 443 3645 ‘O
466 3589 522 3644 ὀὶ
544 3589 838 3662 Ὀλεάριος]
882 3591 1019 3662 Ergo
1044 3591 1265 3644 olearius
1290 3591 1579 3662 appellatus
1605 3596 1684 3644 est
1707 3591 2138 3645 vestimentorum
2162 3598 2338 3646 custos
2354 3633 2367 3657 ,
2391 3591 2584 3664 ἱματιο-

238 3677 422 3748 φόλαξ.
476 3678 557 3730 An
592 3677 730 3730 idem
763 3684 816 3730 et
847 3678 1023 3731 oleum
1054 3677 1336 3749 praebebat
1365 3681 1419 3729 et
1439 3678 1755 3729 vestimenta
1787 3677 2061 3731 servabat?
2113 3679 2194 3732 An
2228 3678 2480 3750 σπολίριον
2511 3680 2584 3734 le·
2668 3716 2681 3731 .

236 3764 471 3835 gendum
485 3767 511 3816 ἲ
560 3761 697 3816 Nam
720 3769 773 3816 et
795 3761 1120 3834 ἆποδυτήριον
1143 3762 1325 3816 Latine
1347 3764 1666 3833 spoliarium.
1703 3762 1762 3815 In
1784 3763 1959 3816 Veteri
1981 3763 2117 3817 Lex:
2157 3763 2426 3835 spoliaria
2451 3776 2583 3820 exte·

234 3854 405 3902 riores
428 3849 721 3901 balneorum
746 3850 978 3903 cellulae.

373 3932 437 3987 N.
457 3951 584 3987 xxv.
608 3931 864 4006 Βαρνάβαν
884 3931 937 3985 ὀὶ
955 3931 1359 4004 μετακληθέντι]
1394 3932 1666 3986 Barnabas
1690 3932 1972 4003 prophetae
1991 3934 2074 3989 vel
2096 3934 2396 4006 prophetiae
2413 3934 2582 3990 filium

234 4036 424 4074 sonare
458 4018 678 4073 videtur.
732 4019 836 4073 Sed
867 4035 900 4072 a
934 4017 1147 4088 Syriaca
1179 4034 1304 4072 voce
1339 4024 1459 4078 1⁴¹⁸:
1494 4018 1763 4071 deducitur
1800 4034 1934 4088 quae
1968 4027 2049 4074 est
2073 4023 2344 4074 consolari.
2396 4019 2580 4091 ltaque

237 4104 405 4177 Syrus
430 4104 677 4175 Paraphr.
704 4109 950 4167 unna-t
975 4109 1117 4165 ιζ’-13
1140 4102 1375 4157 reddidit.

372 4189 529 4241 Παντὶ
562 4189 690 4261 δίτῳ
724 4188 874 4255 δῆλόν
908 4187 1051 4256 ἐστι]
1124 4187 1327 4254 Cittim,
1368 4189 1451 4241 vel
1485 4189 1678 4254 Cetim,
1711 4191 1922 4244 nomine
1953 4190 2174 4261 Cyprios
2204 4191 2579 4262 propemodum

235 4292 421 4331 onmes
444 4273 766 4345 intelligunt.
802 4275 908 4328 Sed
929 4280 985 4328 et
997 4275 1309 4329 Macedones
1334 4274 1515 4328 eadem
1533 4290 1660 4328 voce
1683 4275 2048 4347 comprehendi
2065 4282 2266 4346 putant.
2302 4276 2440 4329 Sane
2465 4278 2578 4348 qni-

234 4361 353 4416 dem
378 4359 579 4414 Citium
602 4360 848 4431 oppidum
872 4359 1210 4415 Maeedoniae
1235 4359 1361 4424 fuit,
1384 4359 1521 4431 apud
1544 4359 1656 4413 Liv.
1679 4362 1713 4416 l.
1732 4361 1815 4414 42.
1853 4360 1988 4425 Quin
2012 4365 2066 4414 et
2089 4361 2286 4415 Cilicia.
2321 4361 2468 4425 Quod
2491 4380 2578 4418 ve-

233 4447 343 4501 rius
376 4446 621 4501 nonnulli
653 4447 1000 4517 suspicantur.
1049 4445 1318 4499 Postremo
1341 4445 1563 4499 Romam
1597 4451 1754 4517 atque
1777 4445 1981 4499 Italiam
2007 4446 2188 4500 eodem
2210 4447 2301 4501 illo
2323 4449 2576 4505 vocabulo

233 4532 670 4604 complectuntur.
723 4529 853 4585 Mihi
886 4531 1155 4602 probabile
1178 4531 1382 4585 videtur
1407 4530 1600 4596 Cetim,
1633 4539 1724 4585 ant
1748 4530 1973 4585 Citiaeos
2004 4533 2210 4603 proprie
2233 4532 2420 4588 Cilicas
2444 4552 2576 4601 esse,

234 4623 289 4673 et
312 4619 382 4672 ab
405 4619 471 4672 iis
494 4623 814 4688 propagatos
832 4615 1068 4688 Cyprios.
1105 4616 1240 4671 Nam
1258 4615 1400 4671 Getis
1419 4622 1471 4670 et
1488 4616 1626 4671 Citia
1643 4616 1853 4672 Ciliciae
1875 4618 2117 4688 regiones
2141 4619 2272 4675 duae
2295 4626 2420 4675 sunt
2440 4622 2580 4694 apud

234 4702 371 4759 Ptol.
411 4702 566 4770 Quod
588 4709 768 4758 autem
787 4717 881 4775 per
905 4701 1136 4775 Cyprum
1157 4709 1250 4758 aut
1271 4701 1509 4759 Ciliciam
1532 4702 1720 4760 Graeci
1740 4703 2068 4778 Romanique
2089 4705 2146 4761 in
2167 4705 2377 4778 Syriam
2398 4722 2460 4762 ac
2479 4707 2578 4763 Pa-
