3185 5219
2391 350 2652 415 xxxvn

326 506 406 560 nal
434 508 539 569 τοῖς
573 506 753 578 μάγοις
787 507 919 560 οἴνου
954 524 1004 561 τε
1028 505 1157 579 epos
1191 508 1271 562 καὶ
1294 506 1557 581 ἐμψύχων,
1600 509 1681 563 καὶ
1713 505 2008 579 ἀφροδισίων
2041 507 2305 583 ἀπέχεσθαι
2338 511 2652 584 λατρεύουσιν

326 590 554 663 ἀγγέλοις
579 593 663 646 καὶ
685 593 927 665 δαίμοσιν.
973 595 1107 648 Hinc
1128 594 1285 649 Gonc.
1307 594 1467 648 Laod.
1497 595 1624 651 Can.
1647 613 1807 651 xxxv,
1850 593 1971 649 Ὅτι
1994 595 2051 648 οὗ
2078 597 2151 649 δεῖ
2171 598 2482 668 Χριστιανοὺς
2506 596 2652 670 ἔγκα-

328 677 569 732 ταλείκειν
601 678 690 747 τὴν
714 676 973 747 ἐκκλησίαν
1004 685 1092 732 τοῦ
1118 680 1255 749 θεοῦ,
1291 680 1371 734 καὶ
1396 679 1609 750 ἀπιέναι,
1642 680 1722 732 καὶ
1756 678 1996 751 ἀγγέλους
2020 675 2299 753 ὀνομάζειν,
2332 683 2412 736 καὶ
2438 682 2649 746 συνάξεις

332 767 483 816 ποιεῖν
507 769 607 821 etc.
678 765 822 829 Quae
844 766 1149 837 angelorum
1175 763 1414 837 ὀνομασία
1437 766 1505 821 ad
1525 782 1801 837 magorum
1823 767 2133 838 praestigias
2156 770 2652 841 superstisiososque

331 850 501 903 cultus
524 850 706 904 referri
730 851 896 905 debet.
944 850 1011 904 Ut
1033 857 1085 906 et
1107 852 1234 906 illud
1257 853 1404 906 Pauli
1428 852 1494 905 ad
1517 852 1716 906 Coloss.
1741 870 1785 908 c.
1812 851 1870 905 2:
1914 851 2077 923 μηδείς
2102 851 2224 922 ὑμᾶς
2248 854 2649 925 καταβραβευέτω

330 933 486 987 θέλων
511 932 561 988 ἐν
584 937 1001 1008 ταπεινοφροσύνῃ
1037 937 1116 989 καὶ
1141 937 1369 1009 θρησκείᾳ
1390 939 1488 990 τῶν
1513 934 1755 1008 ἀγγέλων.
1819 936 1900 991 Ex
1932 954 2035 1008 quo
2069 938 2194 990 illud
2219 946 2458 1011 apparet,
2493 957 2651 1011 quam

328 1021 501 1092 inepte
525 1021 595 1074 ab
628 1020 898 1077 haereticis
923 1022 987 1075 ad
1011 1023 1333 1077 stolidissimi
1366 1025 1552 1076 erroris
1575 1024 1922 1094 patrocinium
1952 1027 2168 1094 uterque
2189 1024 2276 1077 ille
2298 1026 2445 1079 locus
2469 1026 2648 1080 affera-

322 1111 423 1161 tur.
469 1107 665 1161 Mirum
688 1114 768 1161 est
788 1124 909 1163 vero
933 1110 1073 1180 quod
1105 1110 1159 1162 in
1182 1109 1556 1163 Ecclesiasticis
1581 1109 1868 1162 Annalibus
1891 1109 2108 1179 legitur,
2141 1107 2205 1161 de
2225 1110 2318 1163 illa
2340 1112 2647 1181 angelorum

324 1191 552 1264 θρησκείᾳ
574 1194 773 1247 nullam
806 1195 872 1248 ab
894 1194 1186 1266 Epiphanio
1209 1196 1526 1249 mentionem
1549 1211 1664 1248 esse
1685 1194 1894 1248 factam.
1941 1193 2074 1258 Quid
2096 1196 2235 1249 euim
2275 1197 2462 1250 clarius
2487 1214 2645 1267 quarn

322 1278 459 1348 quod
480 1278 800 1351 Epiphanius
821 1279 918 1335 hoc
942 1282 1057 1335 loco
1079 1287 1256 1335 narrat
1277 1280 1545 1339 Simonem
1567 1281 1876 1351 angelorum
1905 1281 2081 1337 nescio
2114 1297 2246 1352 quas
2269 1283 2643 1353 appellationes

321 1380 431 1417 esse
464 1371 845 1432 commentum,
890 1383 986 1421 nec
1009 1367 1158 1420 aliter
1198 1367 1416 1420 obtineri
1449 1383 1604 1437 posse
1645 1366 1867 1420 salutem
1908 1382 2249 1432 asseverasse,
2275 1383 2431 1437 quam
2449 1368 2497 1421 si
2527 1370 2643 1438 quis

319 1466 523 1504 summo
545 1450 752 1505 Parenti
771 1468 863 1523 per
886 1453 1097 1505 easdem
1118 1452 1233 1506 illas
1256 1452 1543 1505 Potestates
1568 1468 1628 1505 ac
1646 1450 2040 1506 Dominationes
2065 1452 2376 1506 sacrificium
2398 1452 2642 1507 offerret?

318 1535 398 1589 An
419 1552 528 1589 non
550 1535 677 1591 haec
700 1542 781 1589 est
804 1537 1030 1608 θρησκεία
1054 1540 1151 1590 τῶν
1176 1535 1438 1609 ἀγγέλωνῗ

454 1622 665 1676 Atenim
687 1623 928 1694 angelos,
951 1640 1083 1694 quos
1106 1623 1289 1677 mundi
1311 1622 1604 1677 conditores
1626 1623 1772 1686 fecit,
1814 1623 2096 1677 detestatus
2121 1628 2203 1676 est
2223 1623 2407 1677 Simon
2429 1625 2642 1696 suisque
2721 1666 2733 1680 .
2811 1665 2823 1677 .

318 1708 479 1760 vetuit
512 1707 761 1778 προςέχειν
806 1708 1020 1777 τούτοις,
1061 1715 1120 1762 ut
1151 1710 1226 1762 ait
1256 1707 1508 1762 Theodor.
1542 1712 1596 1761 et
1626 1708 1886 1762 Irenaeus.
1955 1706 2056 1772 Qui
2085 1708 2247 1778 igitur
2279 1710 2540 1775 convenit,
2581 1716 2643 1763 ut.

293 1791 570 1862 ’θρησκείαν
602 1793 705 1847 illis
738 1791 1064 1847 adhibuerit?
1120 1794 1221 1847 Sed
1245 1794 1489 1848 nimirum
1513 1799 1790 1865 utrumque
1822 1811 2005 1848 verum
2043 1799 2139 1847 est.
2197 1795 2426 1865 Angelos
2459 1795 2644 1850 mundi

317 1878 606 1932 conditores
629 1879 1033 1933 contemnendos
1066 1896 1181 1933 esse
1213 1880 1386 1933 docuit
1417 1884 1655 1944 eatenus,
1687 1885 1747 1932 ut
1780 1896 1939 1951 supra
1971 1880 2089 1933 illos
2113 1876 2422 1934 attollendos
2447 1897 2502 1933 se
2527 1898 2642 1935 esse

316 1964 598 2028 crederent,
620 1970 675 2017 et
695 1963 760 2016 ad
784 1981 1048 2019 summum
1070 1966 1219 2019 illum
1234 1964 1441 2018 Patrem
1464 1981 1771 2031 emersuros,
1796 1981 1856 2017 ac
1879 1964 2216 2018 nihilominus
2241 1970 2434 2030 tamen,
2459 1983 2640 2036 quam-

315 2050 399 2103 diu
422 2051 478 2104 in
500 2047 600 2102 hac
621 2049 731 2103 vita
752 2050 1024 2121 degerent,
1059 2051 1363 2105 execrandis
1386 2051 1487 2104 illis
1510 2051 1773 2121 mysteriis
1796 2066 1856 2103 ac
1879 2051 2063 2104 ritibus
2086 2051 2366 2122 placandos
2381 2091 2394 2115 ‚
2429 2069 2495 2105 ne
2520 2068 2639 2106 evo-

314 2134 480 2189 lantes
514 2151 544 2188 e
579 2137 881 2206 corporibus
905 2138 1104 2190 animas
1137 2154 1231 2208 pro
1256 2154 1352 2190 suo
1376 2139 1486 2191 iure
1521 2138 1814 2190 retinerent.
1861 2135 2009 2200 Quod
2037 2136 2272 2190 Gnostici
2303 2138 2638 2207 postmodum

314 2221 654 2292 anipuerunt.
701 2220 933 2286 Quorum
952 2222 1079 2277 iuud
1105 2230 1240 2288 erat,
1276 2222 1334 2275 τὰ
1357 2222 1563 2293 σαρκικὰ
1583 2226 1686 2283 τοῖς
1706 2225 1953 2293 σαρκικοῖς
1977 2217 2266 2276 ἆπαδοτέσν.

443 2303 515 2357 Ἣ
534 2305 626 2357 τίνι
649 2312 722 2378 τῷ
747 2305 891 2379 λόγῳ
917 2307 972 2360 τὶ)
997 2306 1253 2376 ἑπίθετον.]
1288 2308 1421 2373 Quid
1446 2309 1656 2361 tandem
1678 2309 1778 2362 sibi
1800 2309 1912 2361 vult
1931 2306 2285 2379 Epiphanius?
2303 2306 2476 2377 Negat
2498 2309 2638 2363 enim

311 2391 578 2446 Simonem
598 2393 759 2447 unam
781 2393 880 2447 sibi
905 2395 1304 2465 appellationem
1326 2395 1592 2448 indidisse.
1650 2394 1720 2447 At
1752 2394 1868 2464 quis
1889 2395 1936 2446 is
1969 2394 2126 2446 trium
2161 2390 2268 2446 sibi
2294 2411 2634 2465 personarum

309 2479 522 2532 nomina
542 2477 864 2544 vindicabat,
898 2485 952 2533 et
974 2481 1173 2551 δύναμιν
1196 2481 1330 2534 inter
1353 2487 1524 2534 cetera
1547 2480 1661 2534 θεοῦ
1685 2497 1798 2534 sese
1816 2480 2148 2546 nominabat,
2180 2478 2278 2533 hoc
2311 2484 2412 2544 est,
2447 2485 2506 2534 ut
2535 2497 2634 2552 ego

307 2564 641 2636 interpretor,
666 2564 749 2619 dei
768 2565 955 2622 filium.
1000 2567 1132 2622 Vide
1152 2565 1284 2624 Iren.

440 2650 525 2702 Ἐν
551 2651 673 2721 μέσῃ
699 2656 757 2723 τῇ
781 2656 880 2705 τῶν
904 2651 1166 2724 Ῥωμαίων
1191 2652 1374 2721 πόλει]
1415 2653 1560 2707 Hanc
1582 2652 1850 2707 historiam
1885 2659 2081 2706 veteres
2107 2669 2287 2706 omnes
2313 2653 2490 2707 Patres
2512 2658 2635 2725 post

308 2734 568 2790 Iustinum
599 2737 856 2803 referunt,
896 2738 1178 2804 Eusebius,
1212 2738 1459 2809 cyrillae,
1492 2745 1546 2793 et
1568 2739 1672 2792 alii.
1737 2739 1840 2792 Sed
1873 2740 1935 2791 de
1959 2742 2134 2791 statua
2157 2738 2357 2791 Simoni
2394 2755 2513 2791 cum
2535 2737 2635 2792 hac

307 2823 643 2893 inscriptione
662 2825 858 2896 posita,
882 2823 1121 2879 SIMONI
1152 2815 1287 2878 DEO
1323 2823 1613 2890 SANCTO,
1645 2825 1724 2878 vir
1747 2824 1956 2894 quidam
1980 2824 2212 2877 eruditus
2236 2822 2519 2888 addubitat,
2542 2825 2634 2894 qui

307 2907 561 2962 lustinum
587 2907 843 2964 Graecum
860 2908 1123 2965 hominem
1147 2927 1315 2964 errore
1340 2910 1611 2981 deceptum
1633 2915 1801 2981 putat,
1826 2925 1946 2962 cum
1968 2910 2236 2979 vulgarem
2260 2909 2403 2961 illam
2427 2925 2486 2961 ac
2511 2925 2630 2980 pas-

305 2996 405 3049 sim
428 2999 697 3050 extantem
719 2993 986 3068 ἕπιγραφὴν
1009 2997 1226 3068 legisset
1248 2995 1503 3050 SEMONI
1524 2994 1660 3049 DEO
1685 2993 1974 3061 SANCTO,
1999 2993 2265 3048 Simonem
2289 3011 2383 3066 pro
2407 2991 2631 3048 Semone

305 3083 581 3164 accepisse.
630 3080 773 3148 Quae
795 3081 924 3137 mihi
946 3084 1242 3137 coniectura
1263 3099 1388 3138 sane
1410 3081 1692 3154 probabilis
1717 3087 1797 3135 est
1818 3081 1945 3134 visa.

730 3237 820 3291 AD
855 3237 1202 3294 HABRESIM
1234 3237 1423 3305 XXII„
1459 3237 1638 3302 QUAE
1672 3237 1799 3292 EST
1833 3236 2206 3292 MENANDRI.

438 3341 517 3396 De
539 3341 825 3396 Menandro
850 3342 1042 3398 Tertul.
1080 3343 1142 3395 de
1174 3341 1403 3396 Praescr.
1437 3358 1480 3396 c.
1506 3360 1648 3395 nm.
1716 3342 1838 3394 Post
1868 3339 2000 3398 hunc
2031 3341 2318 3395 Menander
2350 3343 2628 3412 discipulus

305 3429 464 3493 iuius,
487 3429 721 3481 similiter
742 3447 944 3498 vitaque,
970 3430 1143 3481 eadem
1172 3431 1345 3482 <licens
1366 3447 1495 3499 quae
1517 3428 1688 3480 Simon
1711 3432 1835 3498 ipse,
1860 3430 2099 3497 quiequid
2127 3445 2179 3479 se
2201 3427 2372 3478 Simon
2407 3429 2626 3491 dixerat,

306 3514 396 3566 hoc
418 3533 471 3568 se
492 3514 779 3567 Menander
812 3533 917 3568 esse
941 3516 1164 3578 dicebat,
1200 3533 1392 3584 neyans
1415 3514 1603 3566 habere
1626 3532 1898 3584 quenquam
1914 3532 2065 3585 posse
2097 3515 2308 3565 salutem
2341 3517 2444 3565 nisi
2463 3517 2516 3565 iu
2541 3532 2627 3565 no·

304 3604 431 3653 mine
450 3619 540 3653 suo
564 3600 852 3671 baptizatus
859 3605 1063 3670 fuisset.
1086 3601 1215 3656 vide
1238 3600 1427 3654 Euseb.
1454 3599 1542 3653 lib.
1568 3599 1656 3654 111.
1677 3599 1810 3653 Hist.
1843 3615 1955 3670 cap.
1980 3598 2079 3664 20„
2104 3599 2359 3652 Iustinum
2384 3599 2534 3670 Apol.
2561 3598 2626 3662 2.,

302 3685 538 3757 August„
557 3684 773 3739 Philast.
795 3692 892 3740 etc.

432 3770 496 3826 N.
521 3789 557 3824 1.
609 3766 707 3832 “05
740 3767 838 3823 ἀπὸ
872 3771 1187 3844 Σαμαρειτῶν
1221 3770 1548 3844 ὁρμώμενος.]
1603 3769 1856 3824 Iustinus:
1897 3766 1993 3822 ἀπὸ
2030 3769 2198 3841 κώμης
2231 3764 2620 3840 Καππαρεταΐας.

301 3857 678 3911 Theodoretus:
702 3852 800 3909 ἀπὸ
824 3852 1011 3928 Χαβραῖ
1035 3857 1203 3928 κώμης
1227 3857 1359 3910 οὕτω
1384 3856 1701 3927 καλουμένης.

433 3941 644 3995 Ἑαυτὸν
668 3940 722 3995 δὲ
743 3938 882 4013 ἔλεγε
906 3942 1147 4014 δύναμιν]
1226 3943 1386 4014 Atqui
1415 3943 1548 3998 Iren.
1589 3943 1680 3996 lib.
1708 3961 1740 3995 ι.
1782 3958 1894 4013 cap.
1920 3960 2027 3995 xxi.
2070 3942 2250 3995 scribit
2277 3939 2624 3994 Menandrum

304 4026 502 4082 dixisse
524 4028 749 4099 primam
772 4029 1016 4083 virtutem
1038 4030 1360 4100 incognitam
1379 4029 1622 4082 omnibus
1646 4046 1775 4095 esse,
1800 4046 1857 4081 se
1879 4045 2002 4081 vero
2026 4027 2091 4080 ad
2111 4026 2380 4080 hominum
2403 4024 2622 4079 salutem

300 4114 367 4168 ab
398 4115 601 4185 angelis
637 4131 752 4169 esse
784 4115 1021 4171 missum.
1093 4115 1261 4179 Quare
1291 4132 1397 4168 non
1425 4113 1642 4185 μεγάλην
1671 4115 1816 4168 illam
1852 4131 1908 4167 se
1949 4130 2061 4167 esse
2096 4113 2298 4182 δύναμιν
2337 4111 2622 4164 asseruisse

299 4200 525 4267 videtur,
549 4207 610 4254 ut
627 4201 793 4271 ipsius
816 4187 1070 4272 magister
1093 4207 1145 4255 et
1168 4202 1355 4255 erroris
1379 4199 1714 4266 architectus,
1747 4200 1838 4254 sed
1859 4200 2116 4253 minorem
2140 4195 2417 4268 quandam.
2471 4196 2620 4261 Quod

303 4291 355 4339 et
384 4287 577 4340 diserte
611 4285 864 4343 Theodor.
906 4288 1106 4340 asserit.
1161 4285 1366 4339 ‘Euo-:bv
1400 4285 1477 4358 δὲ,
1510 4287 1703 4357 inquit,
1729 4285 1787 4337 οὐ
1806 4283 1891 4352 τὴν
1915 4284 2114 4356 πρώτην
2139 4282 2369 4353 ὠνόμασε
2400 4283 2617 4354 δύναμιν.

299 4368 588 4443 Ἀγνωστον
620 4371 715 4444 γὰρ
740 4369 886 4443 ἔφησε
908 4373 1104 4440 ταύτην·
1132 4367 1247 4424 ἀλλ’
1270 4371 1345 4424 ἐπ’
1368 4370 1543 4438 ἐκείνης
1569 4369 1867 4424 ἀπεστάλθαι
1891 4369 2249 4440 βρενθυόμενος.
2298 4368 2447 4433 Quod
2478 4370 2525 4424 si
2546 4369 2620 4421 ita

301 4463 403 4525 est,
442 4459 533 4530 qui
564 4475 746 4513 verum
777 4476 890 4514 esse
920 4463 1094 4530 potest
1126 4458 1264 4530 quod
1296 4458 1505 4512 subiicit
1523 4458 1867 4529 Epiphanius,
1905 4445 2168 4509 maiorem‘
2186 4473 2242 4509 se
2272 4456 2618 4510 Menandrum

300 4549 626 4599 antecessore
657 4557 752 4598 suo
776 4560 836 4598 ao
858 4549 1190 4616 praeceptore
1211 4546 1462 4598 iactasse?
1497 4543 1610 4597 Nisi
1631 4545 1763 4598 forte
1786 4541 2046 4595 mendacii
2075 4541 2171 4595 hac
2200 4543 2259 4597 in
2281 4547 2426 4614 parte
2449 4542 2617 4596 Simo·

300 4646 418 4686 nem
447 4646 676 4703 arguens
716 4647 940 4701 eumque
981 4631 1037 4685 in
1071 4630 1302 4685 ordinem
1342 4629 1609 4701 redigens,
1648 4629 1748 4683 sibi
1779 4629 1882 4700 ipsi
1912 4628 2171 4684 inferioris
2203 4630 2343 4684 illius
2367 4628 2615 4699 δυνάμεως
