3185 5219
315 547 595 603 Herodiani
617 547 864 601 haeretici
899 563 933 600 a
967 562 1071 617 qno
1097 546 1305 601 Herode
1327 546 1438 600 fue·

379 640 505 688 runt
537 635 796 687 nominati
1353 630 1436 686 38.

313 719 663 773 Historiarum
698 719 937 788 superius
962 718 1324 788 expositarum
1356 733 1437 770 re·

386 805 576 858 futatio
613 803 862 857 historica
1314 800 1434 856 310.

310 890 700 944 Homeritarum
752 890 898 960 regio
962 889 1054 943 ubi
1118 889 1244 953 sita,
1307 887 1433 941 item

376 976 781 1029 Auxomitarnm
1314 971 1432 1025 271.

310 1061 567 1116 Homerus
613 1076 680 1113 ex
729 1075 833 1130 qua
867 1058 1034 1129 patria
1068 1057 1225 1112 fuerit
1259 1057 1432 1111 oriun-

314 1145 554 1284 Ηοῒίιιὶε
589 1231 826 1283 membra
871 1235 1000 1299 quot
1033 1229 1141 1282 sint
1174 1228 1317 1282 varie
1350 1141 1433 1282 ἷξ-

375 1317 546 1370 latum
1339 1312 1425 1368 43.

309 1402 479 1455 Horae
526 1399 750 1470 qualiter
799 1399 1207 1471 aequinoctiales
1255 1398 1431 1453 dican·

383 1495 468 1540 tur
511 1487 582 1540 ab
613 1484 902 1555 Epiphanio
1344 1484 1428 1538 74.

309 1572 551 1642 Hyginus
605 1571 830 1625 fueritne
885 1585 1057 1624 nonus
1101 1585 1169 1623 an
1217 1575 1430 1624 octavus

377 1657 522 1727 Papa
843 1729 896 1793 L
1347 1654 1428 1710 77.

309 1828 497 1883 Iacobo
533 1826 770 1898 apostolo
806 1841 876 1880 an
909 1825 1110 1880 licuerit
1147 1825 1348 1879 intrare
1380 1825 1436 1878 in

385 1921 572 1967 sancta
594 1918 910 1975 sanctorum,
937 1911 1029 1964 ubi
1049 1911 1286 1964 rationes
1311 1910 1436 1963 Sca-

375 2000 529 2070 ligeri
562 1998 932 2052 examinantur
1178 1995 1296 2052 332.
1316 1994 1436 2052 333.

311 2084 646 2140 Idololatriae
681 2084 830 2153 origo
865 2081 1125 2153 quomodo
1160 2098 1228 2136 ex
1269 2083 1428 2136 simu-

379 2170 536 2224 lacris
571 2175 624 2222 et
657 2168 811 2222 idolis
1377 2167 1426 2220 9.

308 2257 464 2310 «lesus
499 2270 692 2310 nomen
714 2254 938 2324 ‘qualem
971 2253 1027 2306 in
1062 2269 1121 2306 se
1155 2268 1432 2306 numerum

378 2342 611 2396 continet
660 2340 951 2395 secuudum
1007 2339 1208 2393 litteras
1255 2338 1432 2409 alpha·

382 2427 489 2481 beti
1351 2423 1433 2478 73.

311 2514 469 2567 Jesus
523 2527 716 2565 nomen
777 2517 829 2563 et
881 2512 948 2564 ab
1003 2510 1243 2564 Hebraeo
1298 2519 1350 2562 et
1403 2525 1435 2561 a

381 2598 583 2654 Graeco
621 2602 794 2667 potest
827 2596 1011 2651 deduci
1349 2594 1432 2651 53.

316 2684 585 2756 jejunium
631 2682 1084 2753 quadragesimale
1126 2698 1161 2736 a
1205 2680 1437 2752 paschali

379 2769 557 2824 diflert
589 2768 877 2825 secundum
914 2768 1196 2823 nonnullos
1316 2767 1434 2839 362.

314 2855 584 2927 Jejunium
637 2854 1088 2925 quadragesimale
1150 2869 1217 2905 ex
1278 2869 1328 2906 v.
1384 2870 1432 2922 p.

378 2940 692 2995 testimoniis
1303 2937 1430 2992 360.

311 3027 507 3096 Jejunii
552 3026 745 3096 duplex
798 3024 971 3080 forma
1015 3022 1154 3094 apud
1187 3024 1431 3095 antiquos

312 3201 510 3272 Jejuuii
534 3196 770 3252 solvendi
795 3204 1003 3266 tempus
1304 3194 1427 3251 364.

311 3287 537 3357 Jejunia.
575 3282 896 3338 ,ludaeorum
951 3296 1084 3350 qnae
1138 3287 1192 3333 et
1243 3281 1432 3351 quibus

378 3372 562 3425 diebus
598 3368 982 3423 celebrarentur
1345 3366 1428 3422 65.

314 3459 527 3530 Jejunia
560 3457 715 3526 plena
747 3460 801 3508 et
823 3452 1155 3524 semijeJunia
1189 3468 1323 3523 quae
1358 3452 1433 3506 di-

379 3552 616 3598 cerentur
1314 3538 1432 3595 363.

312 3628 630 3699 Ἥμιφόριον,
660 3623 891 3693 κολόβιον
916 3631 969 3677 et
995 3622 1281 3694 ὠμοφόριον
1306 3640 1433 3694 quo-

379 3715 535 3769 modo
570 3712 958 3781 distinguantur
1317 3710 1433 3765 284.

312 3799 491 3853 inachi
525 3805 575 3854 et
609 3797 922 3867 Argivorum
954 3797 1107 3865 regni
1142 3795 1292 3849 initia
1355 3796 1429 3850 15.

313 3886 577 3940 indiculus
611 3884 974 3954 episcoporum
1009 3881 1434 3951 hierosolymita·

380 3987 568 4025 norum
603 3970 721 4023 266.
757 3974 812 4022 et
852 3983 921 4021 an
956 3966 1279 4038 Nicephorus
1318 3982 1435 4019 vere

380 4072 552 4111 annos
584 4054 845 4109 notaverit
890 4052 1081 4123 quibus
1121 4053 1318 4122 singuli
1354 4067 1434 4105 se-

384 4141 502 4195 dem
538 4145 819 4195 tenuerunt
1317 4137 1434 4192 266.

313 4227 577 4281 indiculus
623 4226 814 4297 triplex
860 4223 924 4278 ad
971 4223 1164 4279 Christi
1206 4224 1436 4277 natalem

381 4317 434 4366 et
468 4318 677 4383 tempus
712 4312 976 4383 passionis
1013 4308 1300 4364 eruendum
1337 4311 1434 4364 uti·

381 4399 447 4451 lis
467 4397 757 4452 secundum
781 4398 959 4465 ,factos
996 4397 1299 4450 consulares
1352 4395 1434 4450 95.

313 4483 581 4538 Indiculns
609 4484 819 4554 ‘aliquot
850 4482 1124 4536 consulum
1147 4481 1214 4535 ad
1246 4481 1436 4536 intelli·

382 4568 608 4639 gendam
672 4569 924 4625 rationem
987 4568 1112 4621 anni
1177 4566 1435 4621 bisextilis

884 4652 998 4707 100.
1034 4652 1147 4708 101.
1175 4653 1290 4708 102.
1321 4650 1432 4707 103.

2283 376 2651 432 GCCXXXIX

1545 547 1791 602 Indorum
1813 563 2008 602 nomen
2034 547 2102 600 ad
2128 548 2408 604 orientales
2432 550 2651 621 populos

1608 633 1915 687 remotiores
1949 633 2160 687 extendi
2567 635 2651 690 60.

1538 718 1784 774 Indorum
1808 724 1983 772 sectae
2008 734 2143 789 quae
2164 718 2360 774 fuerint
2381 720 2655 790 praecipue

1537 888 1827 943 Innocentii
1860 891 2011 944 locus
2047 890 2340 960 explicatur
2373 889 2438 945 de
2472 892 2652 962 poeni·

1603 973 1765 1028 tentia
2531 975 2649 1033 230.

1533 1059 1758 1114 Ioannes
1825 1059 2155 1129 evangelista
2207 1059 2528 1127 defenditnr‘
2600 1069 2653 1115 et

1599 1144 1889 1199 ostenditur
1906 1161 2009 1216 quo
2033 1151 2265 1215 tempore
2284 1146 2652 1217 Apocalypsim

1601 1231 1812 1301 scripsit
2533 1230 2650 1287 213.

1532 1315 1628 1370 Iob
1673 1316 1823 1386 origo
1871 1323 1923 1370 et
1971 1323 2162 1388 quotus
2196 1315 2355 1369 fuerit
2386 1316 2455 1369 ab
2489 1317 2652 1370 Abra-

1602 1417 1722 1454 amo
2571 1401 2651 1458 11.

1533 1486 1589 1541 lo
1628 1485 1805 1540 Inachi
1852 1486 1962 1541 filia
2007 1502 2041 1541 a
2073 1503 2178 1559 qua
2211 1487 2313 1541 fnit
2349 1485 2651 1558 Bosphorus

1602 1572 1772 1627 dictus
2565 1572 2650 1630 64.

1532 1657 1590 1712 Io
1626 1657 1806 1713 Inachi
1838 1657 1950 1712 filia
1983 1658 2122 1713 dicta
2155 1658 2250 1712 isis
2286 1659 2354 1714 ab
2380 1659 2651 1730 Aegyptiis

1537 1827 1798 1899 Josephus
1843 1845 1911 1884 an
1955 1831 2147 1916 liberos
2181 1847 2245 1884 ex
2280 1831 2451 1901 priore
2483 1847 2651 1885 uxore

1609 1915 1846 1969 habuerit
2563 1917 2648 1972 89.

1538 1998 1798 2071 Josephus
1850 2000 2142 2057 defenditur
2191 2001 2370 2056 multis
2422 2001 2478 2056 in
2521 2002 2650 2056 locis

1532 2171 1710 2224 Josiae
1757 2170 2039 2224 liberorum
2082 2172 2343 2225 successio
2388 2173 2651 2244 quomodo

1604 2257 1912 2311 concilietur
1934 2273 2000 2309 ex
2037 2263 2212 2311 mente
2234 2257 2546 2312 scholiastae
2571 2258 2649 2313 18.

1535 2343 1738 2398 Irenaei
1783 2342 2044 2397 sententia
2079 2342 2143 2397 de
2177 2341 2370 2396 Christi
2404 2345 2649 2413 passione

2538 2430 2649 2486 145.

1535 2516 1801 2569 israelitae
1850 2531 1918 2568 an
1962 2516 2015 2568 in
2061 2515 2266 2569 deserto
2301 2515 2455 2570 idolis
2501 2530 2654 2569 sacra

1604 2602 1825 2655 fecerint
2565 2600 2650 2656 81.

1536 2686 1804 2740 Israelitae
1860 2702 1928 2740 an
1976 2686 2159 2755 quinta
2201 2687 2540 2755 generatione
2582 2702 2651 2739 ex

1607 2774 1848 2841 Aegypto
1883 2771 2227 2840 migraverint
2567 2770 2647 2825 15.

1533 2857 1890 2910 israelitarum
1935 2864 1987 2908 et
2019 2855 2337 2910 Judaeorum
2373 2855 2650 2926 appellatio

1604 2940 1866 3011 quomodo
1900 2940 2107 2995 differat
2572 2939 2652 2995 17.

1536 3028 1891 3087 Israelitarum
1934 3027 2284 3098 peregrinatio
2319 3030 2375 3081 in
2409 3027 2650 3097 Aegypto

1605 3119 1734 3185 quot
1769 3129 2027 3168 annornm
2063 3112 2219 3167 fuerit

1535 3200 1738 3255 Judaea
1773 3197 1982 3270 quando
2018 3199 2214 3253 tributa
2247 3199 2303 3254 P.
2327 3198 2390 3254 R..
2425 3198 2649 3269 pendere

1602 3288 1771 3358 coepit
2395 3283 2506 3339 128.
2535 3284 2648 3339 129.

1533 3373 1854 3427 Judaeorum
1889 3371 2025 3425 festa
2059 3372 2151 3441 qui
2184 3386 2253 3424 ex
2285 3370 2541 3425 accuratis
2574 3372 2652 3424 lu·

1602 3475 1702 3511 nae
1739 3459 1967 3511 motibus
2007 3457 2281 3527 explorant
2328 3463 2501 3510 errant
2544 3456 2651 3510 152.

1534 3543 1724 3599 Judaei
1760 3550 1932 3599 utrum
1969 3543 2094 3596 olim
2131 3542 2471 3595 translatione
2494 3541 2652 3594 festo·

1604 3645 1719 3681 rum
1765 3629 1873 3680 sint
1907 3627 1991 3680 usi
2046 3627 2157 3681 182.
2194 3626 2257 3679 de
2300 3643 2361 3679 eo
2399 3626 2655 3696 Scaligeri

1604 3714 1864 3768 sententia
1886 3710 2030 3775 ibid„
2066 3726 2199 3781 quae
2232 3711 2485 3764 refellitur
2523 3710 2653 3775 182.,

1609 3800 1746 3851 circa
1800 3796 1934 3851 illud
1988 3796 2344 3850 memorabilis
2397 3797 2543 3849 locus
2588 3812 2655 3849 ex

1610 3883 1743 3937 Rebi
1779 3883 1926 3936 Mose
2538 3880 2650 3934 184.

1535 3968 1722 4023 Judaei
1759 3984 1850 4021 cnr
1885 3974 2007 4021 ante
2042 3966 2428 4037 aequinoctium
2448 3963 2655 4018 Pascha

1607 4054 1932 4108 celebrarent
2541 4049 2652 4105 169.

1536 4136 1723 4193 Judaei
1760 4154 1821 4192 ac
1843 4137 2175 4193 Judaizantes
2199 4134 2655 4202 Quarta-decimani

1536 4310 1725 4365 Judaei
1771 4311 1986 4364 rubrum
2033 4325 2178 4363 mare
2222 4307 2540 4377 trajicientes
2576 4312 2655 4361 tot

1606 4397 1718 4450 vias
1742 4397 2025 4467 impressas
2048 4394 2343 4448 habuerunt
2359 4400 2487 4465 quot
2507 4401 2655 4448 erant

1605 4481 1771 4535 tribus
2530 4478 2647 4534 262.

1534 4567 1634 4621 Jus
1667 4566 1876 4637 imperii
1911 4565 2051 4637 quod
2084 4580 2237 4636 reges
2261 4565 2364 4620 sibi
2388 4563 2654 4621 vindicant

2166 4735 2241 4789 Y·
