3185 5219
2365 420 2646 476 CCCXXV

311 587 467 639 δοσαν
486 589 562 656 τῷ
582 585 698 655 θεῷ.
723 586 913 641 Athen.
933 586 1144 651 Quaest.
1164 587 1230 640 ad
1248 587 1564 642 Antiochum
1584 586 1798 652 Quasst.
1819 606 2017 655 xxxxv„
2035 604 2157 644 cum
2177 593 2473 661 quaesitum
2492 599 2647 660 esset,

310 679 485 726 utrum
511 677 836 726 mortuorum
860 679 1188 742 peccatorum
1216 674 1424 726 animae
1450 674 1699 727 beneficia
1723 675 1779 727 in
1805 692 1862 728 se
1881 676 2073 729 collata
2087 676 2356 743 sentirent,
2379 678 2648 748 γινομένων

310 756 429 827 ὗπὲρ
467 758 633 809 αὐτῶν
670 754 911 817 συνάξεων
937 757 1017 809 καὶ
1040 757 1269 810 εὖποιῗῶν
1305 757 1385 810 καὶ
1409 761 1717 830 προςφορῶν,
1754 761 2046 831 respondet,
2082 760 2167 822 τὰς
2202 764 2302 814 τῶν
2335 761 2649 836 ἁμαρτωλῶν

311 842 473 914 ψυχὰς
510 840 727 914 μετέχειν
765 842 1037 912 εὐεργεσίας
1090 843 1217 904 τινὀς
1271 841 1325 895 ἐκ
1377 846 1461 910 τῆς
1498 843 1618 915 ὑπὲρ
1654 844 1816 896 αὐτῶν
1853 845 2111 916 γενομένης
2148 844 2445 918 ἀναιμάκτου
2483 849 2650 911 θυσίας

312 928 392 980 καὶ
429 923 662 990 εὖποιΐας.
738 928 945 998 Alioqui
982 929 1027 981 si
1063 929 1192 982 nihil
1227 927 1358 982 haec
1393 930 1522 1000 ipsis
1559 930 1882 1000 prodessent,
1937 930 2028 983 οὐκ
2064 931 2121 983 ἂν
2156 930 2205 983 ἐν
2241 936 2300 1003 τῇ
2338 935 2648 1005 προσκομιδῇ

311 1012 719 1085 ἔμνημονεύοντο,
773 1013 868 1066 hoc
922 1021 1001 1067 est
1057 1015 1109 1068 in
1173 1015 1453 1068 oblatione.
1523 1014 1659 1069 Nam
1695 1015 1997 1086 προςκομιδὴ
2055 1022 2137 1070 est
2170 1016 2440 1088 προςφορά.
2509 1020 2650 1073 Male

314 1105 491 1154 autem
528 1100 801 1170 interpres,
855 1099 921 1151 In
965 1119 1092 1152 cura
1130 1110 1180 1152 et
1212 1104 1474 1171 exsequiis.
1544 1101 1837 1172 Scripserat
1870 1102 2008 1156 idem
2044 1103 2360 1157 Athanasius
2396 1103 2551 1174 λόγον
2587 1103 2651 1167 εἰς

311 1185 426 1247 τοὺς
462 1184 798 1255 κοιμηθέντας,
835 1185 987 1255 cujus
1022 1186 1261 1238 meminit
1279 1185 1635 1240 Damascenus
1658 1189 1712 1240 in
1732 1188 1965 1257 ejusdem
1991 1189 2290 1257 argumenti
2314 1190 2565 1255 oratione,
2599 1197 2653 1243 et

314 1272 561 1327 Balsama
597 1270 664 1323 ad
701 1270 831 1324 Can.
853 1289 924 1324 ιν.
960 1272 1140 1340 Apost.
1211 1271 1409 1325 Citatur
1444 1278 1496 1325 et
1530 1257 1807 1342 Epiphanii
1842 1274 1995 1344 locus⁴
2025 1289 2093 1327 ex
2147 1290 2301 1345 opere
2337 1275 2566 1344 quodam
2598 1280 2655 1328 in

313 1359 598 1412 Proverbia
634 1357 769 1426 apud
797 1357 1130 1409 Anastasium
1157 1355 1410 1410 Nicenum
1438 1357 1649 1420 Quaest.
1677 1375 1763 1410 ιι.
1787 1358 1839 1410 in
1866 1358 2206 1429 Scriptorum,
2242 1360 2296 1413 in
2332 1376 2435 1430 quo
2472 1376 2652 1431 preces

314 1461 408 1516 pro
443 1444 664 1497 mortuis
719 1441 1167 1499 commendantur.
1240 1441 1338 1504 Qui
1392 1444 1538 1495 locus
1590 1443 1804 1495 totidem
1857 1443 1965 1496 fere
2000 1445 2171 1498 verbis
2207 1446 2427 1516 sparsim
2464 1446 2517 1498 in
2554 1445 2653 1499 hoc
2735 1495 2747 1507 ,

316 1546 471 1600 opere
524 1529 832 1583 continetur.
902 1527 978 1580 De
1020 1533 1343 1580 mortuorum
1398 1533 1667 1597 praeterea
1719 1532 2212 1584 commemoratione
2244 1531 2299 1584 in
2335 1530 2652 1584 salutaribus

317 1617 477 1670 sacris
515 1616 754 1667 meminit
789 1613 1083 1667 Concilium
1121 1613 1350 1666 Vasense
1386 1614 1512 1667 Can.
1538 1632 1596 1674 11.
1651 1621 1704 1668 et
1738 1615 1984 1685 Carthag.
2012 1633 2087 1670 ιιι.
2141 1616 2267 1671 Can.
2295 1632 2459 1681 ιιιι.,
2493 1623 2548 1669 et
2580 1634 2652 1670 nr·

318 1701 647 1763 Can.1.xxrx,
684 1705 744 1752 ut
777 1700 879 1752 alia
911 1700 1116 1752 infinita
1150 1700 1575 1770 praetermittam,
1619 1702 1955 1771 maximeque
1992 1701 2311 1756 Graecorum
2348 1718 2410 1756 ac
2444 1702 2654 1755 Latino·

318 1803 434 1840 rum
486 1785 882 1855 antiquissimas
931 1785 1190 1853 liturgias.
1260 1784 1731 1839 Luculentissimus
1784 1804 1907 1841 vero
1960 1797 2041 1841 est
2091 1789 2220 1842 alter
2255 1789 2342 1842 ille
2377 1786 2654 1859 Epiphanii

317 1875 463 1927 locus
498 1871 642 1926 haer.
668 1888 827 1925 nxxv.
862 1887 1006 1923 num.
1047 1887 1144 1933 vn,
1189 1871 1244 1924 in
1281 1887 1383 1940 quo
1420 1877 1743 1924 mortuorum
1783 1872 2002 1943 duplicis
2036 1874 2243 1944 generis
2280 1889 2655 1928 commemora·

320 1961 519 2013 tionem
555 1958 610 2010 in
645 1957 900 2010 sacrificio
937 1955 1050 2009 fieri
1086 1956 1250 2021 docet,
1281 1957 1546 2027 justorum
1583 1966 1635 2010 et
1670 1965 2014 2028 peccatorum.
2084 1959 2281 2012 Horum
2318 1960 2547 2030 quidem,
2581 1958 2657 2012 nti

322 2045 552 2099 divinam
590 2060 684 2114 pro
720 2044 825 2096 illis
861 2041 1271 2095 misericordiam
1307 2043 1665 2112 imploremus.
1734 2043 2006 2098 Justorum
2042 2049 2216 2099 autem
2250 2061 2311 2098 ac
2337 2051 2656 2111 sanctorum,

319 2139 376 2185 ut
411 2130 682 2200 singulare
719 2128 909 2183 Christi
954 2128 1150 2182 domini
1186 2129 1518 2198 privilegium
1554 2137 1893 2199 agnoscatur,
1940 2132 2029 2200 qui
2064 2132 2131 2185 ab
2168 2132 2487 2202 reliquorum
2522 2148 2657 2185 mor-

319 2218 503 2270 talium
541 2215 838 2270 conditione
873 2221 1199 2284 segregatur.
1271 2214 1344 2267 De
1367 2222 1656 2283 martyrum
1682 2217 2180 2270 commemoratione
2205 2218 2404 2287 passim
2426 2218 2659 2288 loquitur

320 2303 643 2376 Cyprianus,
678 2307 737 2353 ut
769 2301 824 2353 in
860 2300 954 2371 Ep.
980 2317 1167 2354 ιιιινε
1203 2299 1485 2370 δαι·νζῇοία
1503 2321 1603 2371 pro
1640 2304 1740 2365 eis,
1775 2301 1968 2372 inquit,
2003 2321 2223 2372 semper,
2261 2312 2318 2356 ut
2349 2307 2658 2367 meministis,

321 2393 602 2460 offerimus,
655 2390 846 2457 quoties
899 2395 1176 2454 martyrum
1219 2390 1490 2456 passiones
1542 2399 1590 2441 et
1642 2390 1751 2441 dies
1795 2392 2159 2442 (anniversaria
2195 2393 2661 2460 commemoratione

325 2476 655 2528 celebramus.
727 2472 874 2536 Quod
920 2470 983 2523 ad
1028 2473 1336 2526 memoriam
1370 2473 1917 2544 praedicationemque
1951 2481 2239 2543 martyrum
2276 2474 2431 2528 debet
2463 2475 2660 2541 referri,

325 2560 763 2629 quemadmodum
790 2558 924 2615 etin
943 2574 1122 2612 eorum
1147 2558 1425 2611 memorias
1450 2558 1634 2613 altaria
1660 2559 2121 2613 constituebantur.
2154 2561 2433 2632 Augustin.
2456 2561 2545 2615 lib.
2571 2579 2659 2617 ιι.

324 2654 504 2702 contra
537 2646 791 2701 Faustum
827 2662 940 2716 cap.
965 2662 1074 2698 ιιι.
1112 2644 1360 2696 adversus
1397 2644 1732 2698 Manichaeos
1770 2646 2064 2716 disputans,
2103 2647 2192 2716 qui
2228 2647 2467 2701 similiter
2502 2654 2660 2718 atque

323 2733 560 2789 hodierni
583 2734 849 2784 στασιῶται
872 2732 1152 2785 memorias
1178 2737 1469 2799 martyrum
1503 2730 1559 2782 in
1590 2730 1733 2783 idola
1756 2737 2053 2785 convertere
2085 2730 2365 2786 catholicos
2388 2732 2660 2802 impuden-

325 2820 526 2874 tissime
562 2818 997 2882 criminabantur,
1032 2815 1114 2869 his
1150 2816 1322 2869 verbis
1360 2816 1544 2868 utitur:
1581 2815 1806 2885 Populus
1842 2827 2005 2869 autem
2033 2816 2358 2870 Christiarms
2391 2823 2662 2871 memorias

327 2916 606 2974 martyrum
641 2904 886 2972 religiosa
920 2903 1218 2955 solennitate
1263 2901 1610 2965 concelebrat,
1655 2911 1703 2953 et
1737 2903 1812 2953 ad
1856 2904 2180 2953 excitandam
2216 2905 2570 2968 imitationem,
2606 2913 2664 2956 at

327 2996 519 3044 meritis
543 3008 709 3042 eorum
734 2992 1074 3052 consocietur,
1114 2997 1260 3054 atque
1296 2987 1609 3039 orationibus
1635 2987 1920 3055 adjuvetur.
1993 2987 2081 3039 Ita
2108 2996 2273 3039 tamen
2296 2999 2351 3040 ut
2374 2989 2501 3040 teulli
2524 3007 2660 3041 mar·

328 3087 513 3145 tyrum,
556 3077 649 3127 sed
687 3078 792 3144 ipsi
833 3075 924 3125 deo
969 3081 1250 3140 martyrum
1292 3075 1666 3139 sacrificemus,
1712 3075 1940 3140 quamvis
1981 3076 2036 3124 in
2080 3076 2348 3125 memorias
2384 3085 2663 3142 martyrum

325 3166 685 3215 constituamus
730 3160 945 3212 altaria.
1021 3158 1147 3218 Quis
1191 3161 1319 3209 enim
1365 3161 1645 3210 antistitum
1690 3162 1743 3209 in
1788 3158 1915 3210 locis
1953 3167 2246 3210 sanctorum
2281 3176 2546 3228 corporum
2582 3177 2661 3211 as-

323 3253 505 3302 sistens
529 3248 695 3299 altari
714 3245 993 3313 aliquando
1015 3245 1169 3295 dixit:
1203 3243 1471 3313 offerimus
1496 3244 1611 3306 tibi,
1637 3243 1802 3307 Petre,
1828 3253 1921 3296 aut
1935 3243 2120 3308 Paule,
2148 3254 2238 3295 aut
2256 3243 2546 3314 Cypriane!
2568 3255 2662 3299 etc.

462 3330 689 3385 Ἔωθινοί
724 3347 775 3382 τε
820 3328 964 3400 ὕμνοι
1000 3325 1049 3380 ἐν
1086 3327 1249 3400 αὐτῇ]
1324 3329 1400 3382 De
1442 3329 1698 3383 matutino
1754 3345 1815 3382 ac
1851 3335 2171 3383 caeterarum
2207 3328 2451 3383 horarum
2489 3329 2664 3383 officio

330 3420 607 3489 diligenter
650 3417 705 3469 in
744 3415 1035 3468 Annalibus
1082 3420 1135 3467 et
1177 3416 1244 3468 ab
1280 3415 1394 3469 aliis
1440 3415 1747 3487 disputatur.
1817 3414 1893 3468 De
1928 3414 2276 3469 lucernalibus
2312 3415 2528 3485 psalmis
2566 3414 2665 3469 hoc

324 3504 695 3558 adscribimus:
745 3501 1014 3555 Socratem
1058 3500 1146 3553 lib.
1175 3519 1223 3555 v.
1259 3517 1371 3572 cap.
1396 3519 1532 3556 xxn.
1576 3518 1665 3555 eas
1712 3501 1974 3571 appellare
2018 3500 2103 3561 τὰς
2147 3498 2195 3552 ἐν
2233 3502 2337 3562 ταῖς
2372 3499 2664 3570 λυχναψίαις

333 3587 498 3661 εὐχάς.
571 3587 668 3651 Qui
705 3586 899 3640 ibidem
944 3586 1089 3639 addit
1130 3587 1183 3639 in
1221 3586 1393 3657 Cypro
1430 3603 1491 3639 ac
1526 3586 1781 3640 Caesarea
1815 3585 2033 3639 sabbato
2070 3591 2123 3638 et
2156 3585 2419 3639 dominica
2453 3583 2524 3637 ἀεὶ
2559 3587 2666 3654 περὶ

325 3674 530 3745 ἑσπέραν
556 3671 677 3744 μετὰ
700 3676 783 3740 τῆς
807 3672 1082 3744 λυχναψίας
1104 3673 1217 3734 τοὺς
1242 3671 1595 3743 πρεσβυτέρους
1621 3670 1702 3722 καὶ
1724 3669 2020 3730 ἐπισκόπους
2052 3669 2138 3731 τὰς
2163 3668 2353 3740 γραφὰς
2376 3669 2664 3741 ἑρμηνεύειν.

326 3761 521 3814 Concil.
556 3759 722 3814 Tolet.
744 3777 778 3811 1.
804 3758 929 3812 Can.
954 3777 1028 3813 ιι.
1075 3760 1422 3811 lucernarium
1466 3756 1710 3827 appellat.
1782 3755 1936 3808 Vetat
1978 3756 2119 3809 enim
2156 3761 2425 3825 professas
2467 3766 2556 3808 aut
2590 3758 2663 3806 vi-

326 3848 456 3899 duas
492 3848 628 3899 domi
659 3862 785 3897 suae
821 3845 1156 3915 antiphonam
1196 3862 1306 3895 cum
1341 3847 1627 3911 consessore
1660 3841 1742 3892 vel
1771 3858 1915 3891 servo
1949 3858 2038 3892 suo
2059 3844 2277 3908 facere,
2324 3842 2524 3894 absente
2558 3844 2663 3909 epi-

323 3950 475 4003 scopo
522 3932 603 3983 vel
625 3930 942 4000 presbytero.
1014 3928 1387 3986 Luem-narium
1422 3946 1539 3979 vero
1549 3965 1564 3989 ,
1605 3926 1791 3996 inquit,
1840 3929 1940 3985 nisi
1972 3930 2027 3976 in
2061 3925 2282 3977 ecclesia
2318 3943 2413 3976 non
2446 3927 2663 3993 legatur.

327 4017 400 4071 De
434 4017 589 4071 nonis
626 4022 677 4068 et
712 4015 941 4086 vesperis
975 4014 1184 4069 Laudic.
1219 4011 1460 4067 meminit
1494 4010 1622 4065 Can.
1643 4028 1794 4065 xvm.
1864 4009 1993 4065 Vide
2027 4016 2081 4063 et
2101 4009 2318 4064 Tertull.
2354 4009 2440 4064 lib.
2477 4015 2665 4062 contra

326 4102 528 4173 Psych„
568 4098 868 4171 Agathense
903 4100 1027 4154 Can.
1053 4118 1177 4153 ιιι.
