3185 5219
614 371 845 431 coxon

614 533 923 602 tz’nzw
956 533 1089 592 ἻἾΣ
1125 531 1300 591 'nm-l*
1336 531 1467 590 ΓΜ
1498 532 1573 588 ³:
1608 530 1697 591 ’τῇ
1731 529 1847 591 ³²79
1883 530 2105 589 ,Ἧι-νδ
2139 533 2326 589 wrm}
2360 529 2454 611 '¹5²
2486 531 2574 587 ³3
2639 523 2721 578 Ex
2744 525 2932 595 quibus

612 618 866 671 Hebraica
891 614 1087 669 Graece
1116 614 1307 684 scripta
1336 611 1645 684 corrigenda
1677 618 1814 666 suut.
1863 611 2016 665 Velut
2046 628 2141 683 pro
2177 559 2464 681 οὗῑαβωτῶν
2487 612 2589 682 leg.
2615 609 2803 679 οὖὶαβὼ
2826 605 2932 680 γυΐ.

613 704 742 757 Mox
765 718 859 773 pro
885 699 1059 770 βετουβ
1081 699 1185 769 leg.
1210 698 1369 767 βιτου.
1440 697 1539 752 Pro
1565 697 1760 766 ἀόδὼθ,
1786 695 1903 749 &eet
1926 695 2016 749 ὠδ.
2087 697 2216 750 Item
2244 714 2338 767 pro
2362 696 2688 767 σωδωλεμείμ
2710 696 2811 766 leg.
2837 714 2934 747 σω-

615 787 863 858 ρολεμιίμ.
931 785 991 839 In
1019 785 1215 839 Graeco
1239 801 1361 837 vero
1385 786 1605 855 Aquilae
1627 801 1721 854 pro
1746 782 1946 853 φύλαξις
1966 780 2180 853 νεἰρήνης,
2204 782 2339 836 forte
2361 782 2693 836 scribendum
2718 779 2933 851 φυλάξεις

615 871 817 943 “wiw-
2664 863 2674 873 '

747 956 810 1010 N.
834 976 886 1012 x.
935 954 1135 1022 Ἐπειδὴ
1159 953 1208 1007 ἐν
1232 960 1389 1026 καιρῷ
1413 961 1502 1007 τοῦ
1526 953 1903 1025 ἐπενεχθέντος]
1950 954 2030 1006 Ex
2053 952 2151 1007 hoc
2177 954 2312 1007 Aetii
2336 954 2583 1025 opusculo
2608 953 2935 1007 verissimum

613 1060 729 1097 esse
751 1044 944 1096 senties
969 1041 1107 1112 quod
1134 1041 1196 1095 de
1221 1040 1404 1095 eodem
1432 1041 1701 1105 Socrates,
1735 1039 1942 1094 Sozom.
1980 1046 2033 1092 et
2064 1039 2222 1109 paulo
2256 1046 2376 1092 ante
2408 1037 2731 1110 Epiphanius
2762 1044 2937 1091 noster

615 1128 973 1192 asseverabat,
1007 1143 1196 1197 nempe
1230 1126 1529 1197 sophisticis
1564 1125 1781 1196 argutiis
1806 1131 1856 1177 et
1878 1125 2293 1177 cavillationibus
2315 1124 2505 1178 fretum
2530 1125 2737 1177 Aetium
2757 1123 2934 1176 fucum

611 1213 814 1267 veritati
846 1212 1051 1266 fecisse.
1121 1213 1225 1266 Sed
1259 1229 1350 1266 cur
1373 1211 1606 1281 Χρονίτας
1642 1215 1797 1263 vocat
1828 1227 1918 1264 eos
1952 1226 1985 1263 a
2017 1210 2205 1280 quibus
2241 1209 2516 1263 damnatus
2551 1214 2657 1274 est,
2691 1209 2936 1262 nimirum

613 1299 835 1352 Arianos
869 1299 1050 1368 ipsos?
1117 1295 1438 1367 Epiphanius
1470 1296 1683 1366 quidem
1715 1296 1769 1349 in
1794 1295 2177 1365 Responsione,
2213 1295 2336 1348 dum
2360 1294 2605 1364 Χρονιτῶν
2627 1294 2937 1348 vocabulum

612 1385 668 1438 in
690 1385 834 1454 ipsos
857 1388 1122 1452 retorquet
1143 1384 1462 1446 Anemoeos‚
1496 1383 1671 1452 aitque
1704 1381 2010 1435 catholicam
2043 1381 2316 1434 ecclesiam
2347 1381 2685 1450 temporalem
2708 1379 2809 1432 dici
2830 1395 2935 1432 non

612 1486 797 1539 posse,
831 1467 969 1538 quod
1004 1468 1070 1520 ab
1104 1473 1311 1519 aeterno
1335 1467 1517 1531 fuerit,
1551 1468 1625 1520 ita
1644 1466 1848 1519 videtur
1871 1466 2156 1536 accepisse,
2188 1467 2341 1536 quasi
2363 1465 2593 1535 Χρονίτας
2616 1464 2935 1518 adversarios

616 1571 741 1607 suos
767 1555 948 1607 Aetius
983 1551 1346 1623 appellaverit,
1382 1552 1519 1622 quod
1550 1552 1757 1606 illorum
1781 1551 1911 1605 fides
1945 1567 2084 1605 nova
2105 1558 2245 1604 esset
2267 1566 2327 1604 ac
2351 1566 2565 1621 nupera.
2633 1550 2741 1604 Hoc
2762 1557 2935 1603 utrum

612 1640 930 1694 intellexerit
951 1638 1131 1691 Aetius
1154 1654 1258 1690 uon
1281 1636 1433 1689 facile
1457 1637 1597 1690 dictu
1621 1643 1715 1691 est.
1762 1639 1843 1691 An
1864 1638 2039 1708 potius
2064 1635 2295 1706 Χρονίτας
2318 1636 2473 1701 dixit,
2507 1634 2605 1689 hoc
2639 1643 2719 1689 est
2739 1644 2934 1705 tempo·

612 1726 777 1780 rarios
803 1725 1120 1792 minimeque
1151 1722 1362 1775 stabiles
1393 1738 1563 1792 neque
1586 1724 1640 1776 in
1665 1730 1909 1793 suscepta
1931 1722 2032 1775 fide
2056 1729 2379 1786 constantes,
2412 1722 2503 1791 qui
2526 1721 2593 1774 ad
2614 1722 2934 1791 imperatoris

614 1820 800 1864 nutum
825 1818 876 1862 et
900 1810 1122 1879 gratiam
1148 1823 1263 1860 sese
1296 1823 1355 1860 ac
1387 1808 1740 1862 credulitatem
1773 1824 1925 1862 suam
1955 1807 2439 1862 accommodarent?
2484 1805 2786 1861 Cuiusmodi
2808 1808 2936 1860 Ata·

616 1897 755 1959 cius,
787 1895 1055 1949 Eudoxius
1080 1910 1139 1946 ac
1164 1894 1354 1946 caeteri
1376 1892 1588 1946 fuerunt
1610 1895 1701 1963 qui
1722 1894 1956 1958 Aetium,
1990 1895 2073 1946 cui
2095 1893 2345 1946 hactenus
2368 1893 2632 1957 faverant,
2666 1899 2807 1946 metu
2840 1892 2934 1945 im·

616 1980 867 2053 peratoris
892 1980 1221 2033 damnarunt.
1291 1977 1428 2031 Sane
1465 1980 1779 2048 πρόςκαιρος,
1816 1981 2132 2049 temporalis,
2166 1977 2352 2032 Matth.
2374 1996 2508 2043 xm„
2540 1978 2629 2031 21.
2651 1979 2935 2049 appellatus

614 2069 725 2128 ille,
755 2068 844 2137 qui
867 2072 1109 2136 suscepto
1134 2064 1217 2117 dei
1237 2065 1393 2117 verbo
1417 2064 1473 2116 iu
1497 2065 1854 2133 persecutione
1878 2064 2131 2119 desciscit.

753 2152 958 2206 Confut.
984 2170 1030 2203 v.
1098 2147 1191 2202 Ἐν
1216 2166 1267 2201 τε
1301 2151 1406 2210 ταῖς
1441 2147 1670 2219 coplata]
1740 2147 1820 2201 Ex
1854 2148 1951 2202 hoc
1985 2150 2100 2203 loco
2135 2149 2339 2203 discant
2368 2149 2614 2203 haeretici
2647 2149 2787 2220 quod
2818 2149 2935 2221 Epi·

615 2237 795 2310 phanii
819 2238 880 2291 de
903 2238 968 2291 iis
993 2236 1137 2289 libris
1159 2234 1408 2288 iudicium
1430 2233 1603 2298 fuerit,
1627 2249 1758 2303 quos
1780 2234 1857 2287 illi
1881 2249 1913 2286 a
1936 2251 2133 2289 canone
2155 2236 2409 2300 reiiciunt,
2445 2252 2576 2306 quos
2602 2236 2809 2306 quidem
2829 2242 2936 2289 tam

614 2323 698 2377 hic
724 2339 879 2394 quum
906 2323 993 2376 alii
1017 2329 1218 2374 veteres
1242 2326 1415 2390 patres
1438 2320 1573 2372 inter
1596 2319 1880 2388 scripturae
1903 2320 2063 2373 libros
2086 2326 2139 2373 et
2161 2320 2286 2382 θιίας
2308 2320 2499 2391 γραφὰς
2522 2322 2792 2392 recipiunt.

753 2404 1317 2474 Confutat.xv11.xqz'v
1341 2422 1393 2457 τε
1417 2406 1752 2474 πνευματικῶς
1775 2403 2178 2473 ἀνακρινόμενοι.]
2243 2405 2386 2470 Quae
2416 2406 2715 2477 parenthesi
2746 2406 2937 2460 includi

616 2496 890 2559 iussimus,
915 2509 978 2547 ea
999 2494 1115 2546 loco
1140 2507 1236 2545 suo
1257 2463 1454 2544 dimota
1476 2496 1600 2543 sunt
1631 2497 1683 2542 et
1712 2490 1767 2542 in
1790 2489 1942 2542 tertio
1961 2505 2111 2542 versu
2135 2490 2199 2542 ad
2221 2490 2359 2544 hunc
2380 2491 2595 2546 modum
2616 2491 2935 2562 reponenda.

618 2579 709 2652 κᾷν
733 2598 785 2634 τε
808 2578 931 2634 εἴποι
956 2577 982 2631 ὁ
1007 2582 1196 2649 πνεῦμα
1220 2576 1306 2646 ὢν,
1337 2576 1417 2629 καὶ
1441 2576 1725 2646 μονογενής.

1099 2801 1190 2856 AD
1225 2798 1571 2856 HAERESIM
1603 2798 1885 2865 Lxxvn„
1916 2798 2455 2854 DIMOERITARUM.

751 2925 815 2979 N.
839 2942 896 2978 n.
946 2921 1021 2975 Δι’
1045 2920 1103 2975 οὔ
1128 2918 1314 2991 ἀνάγκη
1338 2919 1549 2991 γέγονε.]
1606 2920 1813 2991 Duplex
1836 2921 1938 2974 illis
1960 2921 2283 2991 temporibus
2306 2919 2485 2975 habita
2504 2921 2737 2990 synodus
2758 2929 2864 2987 est,
2882 2923 2937 2976 in

619 3026 723 3083 qua
746 3026 885 3064 error
908 3009 1210 3079 Apollinarii
1233 3006 1505 3060 damnatus
1527 3012 1622 3059 est.
1684 3006 1859 3058 Prima
1881 3006 2223 3059 Alexandriae
2246 3006 2312 3059 ab
2336 3004 2620 3060 Athanasio
2642 3014 2697 3060 et
2717 3007 2937 3062 Eusebio

617 3096 957 3159 vercellensi,
991 3103 1266 3165 postquam
1291 3092 1490 3145 iuliano
1513 3092 1829 3161 imperante,
1854 3091 2080 3162 Georgio
2105 3093 2171 3144 ab
2194 3091 2560 3145 Alexandrinis
2594 3094 2798 3158 occiso,
2831 3094 2940 3147 sedi

619 3198 743 3236 suae
778 3182 1047 3234 restitutus
1081 3186 1161 3232 est
1195 3176 1539 3249 Athanasius,
1575 3193 1712 3231 anno
1749 3177 1940 3230 Christi
1975 3193 2211 3231 ccccm.
2259 3178 2436 3231 Altera
2466 3177 2667 3232 Romae
2700 3179 2802 3232 sub
2838 3179 2936 3232 Da-

619 3283 793 3329 maso,
816 3283 952 3319 anno
978 3262 1166 3318 Christi
1190 3278 1482 3317 ccccxxm.
1529 3262 1660 3315 Vide
1685 3263 1911 3315 Annales
1936 3262 2132 3316 Eccles.
2188 3262 2265 3316 De
2290 3261 2385 3316 hoc
2408 3264 2681 3334 posteriori
2704 3265 2936 3329 concilio,

620 3353 767 3405 cuius
791 3366 969 3403 recens
991 3365 1109 3402 cum
1129 3347 1255 3401 haec
1272 3348 1519 3401 scriberet
1534 3346 1857 3417 Epiphanius
1880 3350 2130 3402 memoria
2152 3355 2278 3413 erat,
2300 3348 2520 3402 eundem
2541 3349 2937 3420 intelligendum

620 3437 881 3491 existimo.

752 3521 815 3575 N.
840 3537 925 3575 xv.
971 3519 1166 3575 Οὐκοῦν
1189 3518 1356 3590 χρείαν
1380 3515 1534 3590 ἔσχε]
1591 3518 1712 3572 Fuit
1734 3517 1860 3573 haec
1878 3519 2139 3573 Valentini
2161 3520 2359 3591 opinio,
2385 3519 2644 3575 Christum
2666 3525 2813 3574 tanta
2833 3520 2939 3575 fru-

620 3609 833 3680 galitate
858 3624 917 3661 ac
940 3606 1256 3678 parsimonia
1279 3622 1429 3659 usum
1468 3621 1607 3669 esse,
1642 3603 1772 3658 nihil
1804 3612 1863 3658 ut
1897 3613 2143 3676 egereret.
2187 3606 2428 3660 Testatur
2448 3605 2674 3677 idipsum
2698 3605 2938 3659 Clemens

618 3693 897 3748 Alexandr.
918 3693 1218 3757 111.Strom.‚
1241 3692 1332 3763 qui
1355 3708 1419 3745 ex
1439 3689 1686 3744 haeretici
1701 3691 1840 3744 illius
1861 3690 1924 3744 sd
1938 3689 2333 3762 Agathopodem
2356 3691 2576 3762 epistola
2595 3693 2699 3745 ista
2718 3692 2937 3763 profert:

619 3776 816 3834 Ἤσθιεν
841 3779 921 3831 καὶ
944 3775 1096 3830 ἔπινεν
1121 3775 1283 3846 ἰδίως,
1319 3775 1409 3829 οὐκ
1438 3775 1701 3837 ἀποδιδοὺς
1724 3773 1785 3828 τὰ
1809 3776 2061 3847 βρώματα·
2086 3776 2283 3841 τοιαύτη
2308 3770 2366 3842 ἦν
2391 3774 2528 3846 αὐτῷ
2551 3774 2833 3847 ἐγκρατείας
2856 3777 2939 3830 δό-

617 3884 757 3936 ναμις
772 3907 786 3934 ,
812 3863 932 3925 ὦςτε
955 3862 1192 3933 φθαρῆναι
1215 3861 1301 3929 τὴν
1324 3861 1507 3931 τροφὴν
1531 3860 1579 3914 ἐν
1606 3861 1758 3931 αὐτῷ.

754 3951 817 4006 N.
843 3968 931 4004 xx.
983 3947 1068 4002 Ἐν
1093 3941 1163 4008 οἶς
1188 3948 1268 3999 καὶ
1294 3944 1513 4007 Βιτᾶλιος
1538 3944 1565 3999 ὁ
1590 3945 1894 4015 ἐπίσκοπος]
1959 3947 2055 4001 Hic
2090 3954 2169 4002 est
2189 3947 2375 4002 vitalis
2408 3948 2495 4002 ille
2528 3947 2725 4003 Meletii
2760 3949 2940 4003 Antio·

620 4036 768 4091 cheni
790 4037 1074 4108 presbyter,
1100 4034 1187 4104 qui
1213 4049 1244 4086 a
1260 4032 1508 4087 Flaviano
1528 4032 1821 4087 desciscens
1839 4049 1895 4086 se
1919 4032 1983 4085 ad
2002 4034 2353 4104 Apollinarem
2376 4035 2702 4104 aggregavit,
2725 4041 2780 4088 et
2800 4034 2938 4106 quod

618 4123 817 4193 insigni
845 4122 1034 4192 pietate
1058 4119 1319 4190 praeditus
1352 4125 1514 4183 esset,
1547 4119 1824 4189 plerosque
1858 4118 2077 4173 eundem
2110 4119 2165 4172 in
2199 4136 2424 4173 errorem
2457 4119 2681 4189 impulit.
2751 4119 2939 4174 Postea

621 4225 742 4263 vero
778 4215 950 4261 sectae
984 4222 1111 4260 suae
1145 4205 1419 4275 episcopus
1446 4210 1528 4257 est
1552 4204 1740 4258 factus.
1784 4204 1861 4257 De
1885 4220 1986 4274 quo
2011 4204 2331 4259 Sozomenus
2353 4206 2444 4260 lib.
2463 4223 2533 4260 vr.
2581 4204 2710 4258 Vide
2735 4211 2789 4259 et
2813 4205 2937 4261 Gre—

620 4296 827 4367 gorium
845 4291 1065 4347 Nazanz.
1087 4288 1228 4345 Orat.
1241 4307 1333 4344 nn.
1352 4290 1417 4342 ad
1429 4288 1758 4355 cledonium,
1781 4290 1872 4343 ubi
1890 4296 1943 4343 et
1958 4288 2111 4343 huius
2134 4295 2186 4343 et
2202 4291 2681 4362 Apollinaristarum
2702 4293 2939 4345 omnium

619 4380 897 4434 versutiam
922 4377 1132 4447 detegit.

755 4464 818 4519 N.
845 4482 1031 4518 xxvm.
1079 4459 1376 4533 Ἀνθρωπίνη
1401 4459 1669 4533 ὑποδοχή]
1738 4460 2000 4533 Scriptum
2023 4467 2133 4516 erat
2154 4456 2480 4532 ἀνθρωπίνης,
2504 4476 2597 4532 pro
2621 4478 2727 4534 quo
2750 4458 2939 4533 ἂνθρω-

625 4546 735 4615 xlm
759 4550 936 4603 nescio
960 4549 1075 4620 quis
1098 4546 1380 4602 substituit.
1415 4546 1543 4617 Leg.
1565 4553 1646 4601 est
1660 4552 1837 4602 autem
1860 4544 2053 4618 Ἀννης,
2076 4552 2136 4601 nt
2157 4553 2238 4602 est
2256 4547 2312 4601 in
2334 4547 2516 4619 Regio.
2549 4547 2633 4603 Ex
2655 4565 2762 4620 quo
2783 4550 2939 4605 libra·

623 4632 733 4687 rius
755 4631 1052 4703 ἀνθρωπίνης
1073 4649 1252 4690 verum
1276 4649 1391 4689 esse
1414 4631 1643 4687 credidit.
1687 4632 1820 4688 Nam
1843 4630 1985 4701 ἆννης
2007 4651 2102 4706 pro
2123 4632 2425 4704 ἀνθρωπίνης
2446 4632 2606 4692 scribi
2624 4635 2837 4692 undet
