3185 5219
601 371 811 430 chVI

600 529 798 584 dictum
818 535 903 584 est
922 527 1211 594 conficitur,
1242 525 1464 582 ludaeos
1486 527 1759 598 utriusque
1783 527 1910 582 anni
1931 523 2329 582 ἐποικέουσιν
2351 525 2538 582 diebus
2558 523 2733 582 ’40679
2756 522 2933 597 μήὸ

603 615 907 679 credidisse,
930 612 1277 685 Epiphaniam
1299 629 1423 667 vero
1447 612 1666 668 biduum
1689 614 1860 667 solum
1884 614 2157 667 amborum
2177 612 2410 668 siderum
2430 611 2699 683 pasiandis
2720 610 2933 668 :stimi

600 701 702 756 bus
726 701 904 754 deesse
928 699 1076 754 velle.

733 786 873 840 Haec
895 791 978 839 est
997 784 1140 854 prior
1161 781 1317 838 huius
1340 784 1475 854 cycli
1490 783 1689 840 ludaici
1705 784 2009 856 descriptio,
2032 800 2166 855 quae
2189 782 2466 855 Epiphanii
2482 743 2656 838 verbis
2675 781 2934 846 innititur,

600 871 724 924 dum
749 872 824 924 ait
844 870 1040 925 Iudaici
1061 870 1186 924 anni
1208 871 1557 968 quantitatem
1581 870 1782 924 dierum
1805 885 1922 923 esse
1944 868 2073 936 354,
2096 868 2207 923 hor.
2233 869 2282 926 8.
2305 870 2556 941 praecise.
2613 868 2696 922 Ita
2717 868 2862 922 enim
2880 867 2938 922 in

600 957 752 1010 annis
777 975 865 1010 xxv
887 954 1048 1010 horae
1070 955 1308 1009 confiunt
1334 955 1458 1020 112,
1488 955 1604 1008 sine
1634 954 1746 1008 dies
1769 956 1830 1020 4,
1862 954 1974 1009 hor.
1999 947 2076 1011 16.
2133 955 2216 1009 Ex
2241 972 2345 1026 quo
2367 971 2578 1010 summa
2600 954 2805 1008 dierum
2825 958 2936 1006 toto

600 1043 751 1111 cyclo
770 1041 1041 1112 consurgit
1060 1039 1223 1106 5108,
1253 1039 1365 1094 hor.
1388 1041 1438 1095 4.
1494 1040 1654 1094 Addit
1674 1040 1858 1095 deinde
1880 1059 1913 1093 v
1938 1057 2052 1095 esse
2075 1058 2282 1095 menses
2305 1041 2631 1096 embolimus.
2685 1040 2822 1094 'l'um
2844 1037 2938 1092 ho·

599 1143 686 1182 ras
711 1125 911 1180 detrahi
930 1127 1063 1180 duas
1088 1125 1150 1179 de
1174 1126 1301 1180 solis
1326 1142 1502 1182 cursu.
1574 1125 1720 1190 Quae
1742 1126 2067 1182 subobscura
2088 1133 2236 1192 sunt,
2266 1126 2358 1181 sed
2381 1136 2645 1197 utcunque
2667 1126 2746 1180 sic
2768 1124 2935 1195 expli·

600 1213 708 1265 cari
730 1218 966 1290 possunt.
1037 1212 1292 1268 Onussam
1325 1210 1504 1276 affert,
1537 1227 1632 1265 cur
1664 1228 1733 1265 ex
1765 1213 1916 1268 aunis
1941 1231 2032 1268 m
2054 1214 2262 1283 cyclum
2288 1210 2656 1267 conflaverintz
2693 1209 2836 1282 quod
2857 1210 2936 1264 ai-

597 1298 790 1352 mirum
811 1297 993 1351 lunam
1014 1295 1115 1351 hoe
1146 1297 1202 1350 in
1237 1297 1439 1352 minore
1470 1297 1618 1367 cyclo
1652 1297 1886 1352 nondum
1919 1314 2040 1352 cum
2074 1298 2186 1352 sole
2219 1298 2497 1352 conciliare
2521 1298 2809 1360 voluerint,
2843 1294 2938 1350 sed

600 1383 709 1437 dies
733 1381 1026 1454 superfluos
1050 1382 1280 1453 quinque
1304 1399 1423 1436 cum
1446 1381 1591 1438 horis
1613 1381 1646 1436 8
1667 1384 1992 1440 resonarint.
2063 1382 2142 1436 lta
2159 1383 2303 1438 enim
2324 1382 2412 1447 fit,
2441 1389 2502 1437 ut
2522 1384 2570 1437 si
2593 1400 2664 1440 ex
2686 1399 2828 1437 anno
2852 1382 2936 1437 Iu-

596 1469 739 1522 liano
776 1468 1161 1538 decimoquarto
1196 1468 1307 1522 dies
1340 1467 1547 1521 auferas
1572 1486 1623 1532 v,
1657 1466 1768 1522 hor.
1791 1467 1852 1534 8,
1886 1469 2148 1540 supersint
2167 1468 2295 1533 360,
2327 1469 2504 1526 minue
2534 1466 2679 1524 horis
2713 1468 2936 1524 duabus.

598 1553 736 1610 Nam
757 1555 804 1607 si
828 1570 894 1607 ex
918 1553 1100 1608 diebus
1123 1552 1274 1619 5108,
1294 1551 1407 1608 hor.
1423 1554 1473 1606 4.
1496 1551 1728 1607 Iulianos
1749 1571 1853 1610 xm
1875 1555 2102 1619 eximas,
2128 1554 2238 1607 sive
2261 1553 2373 1607 dies
2395 1553 2548 1619 4748,
2570 1553 2686 1608 hor.
2701 1554 2751 1619 6,
2775 1560 2937 1610 resta-

599 1640 733 1693 bunt
754 1639 867 1694 dies
886 1637 1003 1704 359,
1026 1637 1185 1692 horae
1209 1637 1291 1694 22.
1337 1636 1486 1692 Unde
1508 1637 1819 1709 corrigenda
1838 1638 2114 1711 Epiphanii
2136 1639 2295 1693 verba
2317 1647 2370 1693 et
2389 1640 2466 1692 ita
2488 1638 2765 1709 dirigenda
2787 1644 2934 1693 sunta

601 1722 682 1779 διὰ
704 1723 762 1776 τὸ
787 1721 1095 1794 ἀφαιρεῖσθαι
1116 1722 1214 1776 ἀπὸ
1248 1727 1337 1778 τοῦ
1369 1721 1577 1789 ἡλιακοῦ
1614 1723 1805 1794 δρόμου
1839 1727 1938 1777 τῶν
1969 1721 2064 1786 ‘effa'
2088 1722 2284 1795 ἡμερῶν
2320 1724 2461 1777 πέντε
2489 1722 2678 1796 ἡμέρας
2706 1724 2790 1778 καὶ
2823 1723 2938 1795 μίαν

601 1808 751 1879 ὥραν·
778 1808 1158 1879 προςτιθψένων
1182 1806 1277 1879 γὰρ
1312 1811 1411 1861 τῶν
1442 1806 1587 1880 ὡρῶν
1627 1807 1802 1861 λοιπὸν
1826 1809 2040 1879 γίνονται
2061 1806 2132 1871 τῖ’
2147 1808 2333 1881 ’ἡμέραι
2357 1806 2491 1881 παρὰ
2514 1809 2650 1879 ὥραν
2675 1809 2810 1882 μίαν.
2869 1811 2940 1864 At

597 1895 654 1948 in
677 1893 783 1948 fine
804 1894 1007 1948 numeri
1027 1895 1101 1950 ita
1122 1894 1224 1962 leg.
1250 1894 1298 1946 οἵ
1318 1911 1438 1957 τινες
1463 1893 1658 1964 ὤφελον
1681 1885 1803 1946 εἶναι
1831 1890 1957 1948 κατὰ
1990 1893 2077 1962 τὴν
2106 1893 2348 1965 ἀκρίβειαν
2383 1892 2645 1966 τριάκοντα
2675 1899 2826 1966 μῆνις
2859 1893 2940 1947 ad

601 1977 753 2031 εἷκοσι
776 1974 910 2031 ὀκτὼ
933 1976 1124 2049 ἡμέραι.
1172 1979 1298 2032 Vult
1319 1981 1459 2036 enim
1480 1979 1699 2035 Iudaeos
1722 1980 1780 2034 in
1801 1996 1967 2034 annos
1991 1979 2058 2033 84
2088 1996 2294 2035 memus
2328 1981 2664 2038 intercalune
2685 1980 2782 2046 31,
2815 1997 2939 2035 cm

600 2062 669 2118 30
689 2063 947 2118 duntaxat
968 2081 1087 2118 cum
1111 2063 1178 2118 28
1201 2064 1385 2120 diebus
1408 2065 1699 2136 computari
1721 2064 1969 2130 debeant,
1990 2062 2091 2118 hoc
2113 2072 2195 2119 est
2214 2067 2463 2137 syzygiae
2489 2066 2618 2121 1039
2642 2073 2696 2120 et
2715 2066 2830 2120 dies
2853 2063 2935 2120 28.

599 2149 680 2204 Ita
703 2148 918 2204 biduum
941 2151 1090 2203 abest
1112 2150 1352 2204 Iudaicus
1376 2151 1553 2220 cyclus
1576 2167 1610 2203 a
1632 2150 1892 2204 solaribus
1913 2151 2066 2204 annis
2087 2150 2180 2216 843
2214 2168 2373 2222 quem
2391 2158 2447 2205 et
2467 2152 2673 2222 cyclum
2695 2153 2939 2208 lunarem

602 2233 773 2305 822th
800 2241 950 2304 putat
969 2234 1309 2306 Epiphanius.

736 2319 981 2390 Sequitur
1001 2320 1373 2392 hiterpretandi
1396 2322 1529 2392 cycli
1549 2320 1683 2375 ratio
1707 2322 1894 2387 altera,
1925 2328 1985 2375 ut
2018 2326 2073 2376 et
2098 2322 2583 2378 tessaradecaeteris
2603 2323 2720 2380 dies
2741 2321 2940 2378 habeat

598 2404 750 2470 5108,
774 2403 887 2458 hor.
912 2405 992 2471 12,
1014 2412 1069 2458 et
1090 2406 1767 2477 ogdoecontatessaraeteris
1790 2405 1901 2460 dies
1922 2407 2155 2477 praecise
2176 2407 2372 2474 40681,
2393 2410 2589 2480 quibus
2612 2409 2938 2464 vertentibus

598 2492 726 2548 luna
746 2489 960 2546 Iudaica
981 2506 1100 2548 cum
1122 2492 1232 2545 sole
1255 2491 1433 2545 redeat
1452 2493 1508 2545 in
1531 2491 1886 2557 concordiam,
1919 2492 2012 2546 sed
2045 2508 2079 2546 a
2109 2493 2296 2550 mediis
2324 2494 2484 2550 lunae
2515 2495 2746 2552 motibus
2775 2494 2939 2549 bidae

600 2575 820 2631 civiliter
842 2577 1063 2631 aberret.
1131 2576 1281 2642 Quod
1313 2584 1422 2632 tam
1452 2577 1511 2632 in
1543 2578 1744 2635 minore
1767 2593 1927 2649 quatu
1949 2579 2148 2633 maiore
2167 2581 2318 2650 cyclo
2342 2583 2576 2652 τεχνικῶς
2597 2586 2696 2637 aut
2716 2580 2942 2637 civiliter

599 2663 715 2717 fieri
735 2661 833 2717 hoo
857 2662 1012 2717 modo
1034 2669 1221 2733 potest.
1256 2664 1765 2719 Tesseradecaeteris
1782 2655 1964 2729 habet,
1986 2672 2045 2718 ut
2066 2664 2262 2719 dictum
2285 2673 2390 2732 est,
2412 2665 2523 2721 dies
2540 2666 2696 2732 5108,
2717 2667 2834 2722 her.
2858 2665 2938 2722 12.

599 2748 740 2803 Anni
759 2749 969 2805 lunares
1000 2749 1262 2819 simplices
1297 2748 1407 2805 dies
1430 2749 1561 2817 354,
1592 2747 1705 2805 hor.
1723 2749 1773 2805 8.
1808 2746 1994 2819 34²l7'2
2019 2751 2239 2821 syzygia
2264 2768 2387 2807 vero
2421 2751 2505 2808 29.
2547 2752 2627 2808 12.
2659 2748 2942 2822 ‘umbra'-

600 2831 711 2886 Iam
732 2834 788 2889 in
812 2833 1331 2890 tessaradecaeteride
1360 2837 1612 2907 syzygiae
1643 2842 1769 2891 sunt
1798 2835 2045 2901 totidem,
2080 2844 2209 2906 quot
2239 2836 2296 2890 in
2328 2837 2489 2908 priori
2521 2836 2800 2902 method03
2831 2838 2944 2893 nisi

601 2935 707 2973 una
737 2918 957 2973 forsitan
990 2920 1161 2990 plenis
1191 2936 1486 2976 accrescere
1520 2922 1733 2986 debeat,
1766 2921 2063 2991 anticipatis
2095 2938 2166 2974 ex
2199 2928 2452 2992 sequente
2481 2924 2633 2993 cyclo
2665 2941 2752 2980 m
2775 2922 2943 2990 horis,

600 3020 737 3074 quae
760 3005 825 3057 ad
848 3023 928 3059 ιιι
954 3003 1248 3075 superfluas
1276 3006 1463 3077 prioris
1496 3006 1703 3060 additae
1733 3006 1872 3061 diem
1899 3005 2117 3072 haunt,
2153 3012 2213 3060 ut
2244 3007 2316 3061 sit
2344 3008 2486 3078 prior
2519 3009 2699 3078 cyclus
2732 3008 2944 3067 dierum

599 3089 751 3144 5109.
798 3090 946 3145 Tunc
966 3090 1108 3143 enim
1130 3091 1317 3160 plenae
1338 3092 1588 3161 syzygiae
1612 3090 1693 3156 92,
1718 3106 1875 3145 cavae
1897 3090 1961 3143 81
1987 3092 2340 3149 numerandae
2361 3099 2500 3151 sunt.
2547 3094 2829 3149 Secundus
2853 3111 2945 3165 cy·

601 3176 713 3228 clus
737 3174 847 3227 dies
865 3173 1078 3228 habebit
1091 3175 1245 3232 5108.
1280 3176 1485 3230 Tertius
1508 3174 1780 3231 duodecim
1801 3174 1945 3230 horis
1968 3176 2268 3246 anticipatis
2291 3178 2355 3232 de
2380 3184 2568 3249 quarto
2589 3180 2762 3249 cyclo,
2784 3180 2944 3236 5109.

601 3258 828 3323 Quartus
850 3258 1002 3315 5108.
1049 3259 1273 3324 Quintus
1296 3260 1449 3315 5109.
1497 3250 1693 3315 Sextus
1715 3259 1874 3326 5108,
1909 3260 2189 3333 additoque
2215 3264 2493 3319 tricenario
2515 3281 2699 3319 mense
2721 3281 2799 3319 ex.
2815 3280 2946 3337 epa-

602 3345 698 3397 ctis
731 3343 990 3397 solaribus
1024 3344 1350 3414 singularum
1386 3344 1969 3399 tessaradecaeteridum
2001 3347 2317 3418 colliguntur
2349 3348 2461 3407 dien
2491 3349 2659 3404 40681
2675 3389 2690 3416 ,
2721 3367 2945 3409 menaea

599 3429 745 3500 pleni
764 3428 883 3495 550,
906 3429 1022 3483 cavi
1043 3428 1143 3483 489
1166 3435 1223 3482 et
1240 3429 1297 3483 in
1319 3434 1486 3484 totum
1508 3428 1653 3484 1039.
1697 3429 1857 3484 Porro
1881 3433 2115 3502 τεχνικῶς
2139 3432 2250 3487 dies
2272 3430 2424 3498 5108,
2446 3432 2560 3490 hor.
2584 3434 2664 3490 12.
2687 3453 2760 3490 ex
2782 3436 2944 3503 5118,

598 3511 712 3569 hor.
740 3513 826 3580 12,
869 3515 960 3584 qui
993 3520 1075 3569 est
1100 3514 1427 3569 Iulianerum
1460 3516 1851 3585 quatuordecim
1883 3516 2097 3583 modus,
2139 3517 2356 3573 detra-cti
2385 3526 2599 3590 epactas
2631 3522 2949 3594 relinquunt

598 3599 832 3670 praecise
855 3599 965 3654 dies
988 3619 1039 3664 v,
1063 3600 1155 3670 qui
1172 3600 1231 3653 in
1252 3601 1494 3655 ultimum
1517 3602 1724 3671 cyclum
1745 3601 2068 3657 differuntur.

733 3685 943 3740 Praeter
964 3686 1171 3739 civilem
1191 3685 1327 3739 hanc
1350 3685 1678 3757 singularum
1698 3687 2281 3745 tessaradecaeteridum
2301 3689 2729 3760 dispositionem,
2751 3692 2809 3746 in
2834 3709 2948 3764 qua

599 3771 742 3841 pleni
764 3786 971 3825 menses
996 3787 1151 3825 cavos
1175 3778 1427 3841 superant
1448 3771 1540 3837 61,
1572 3772 1702 3837 alia,
1730 3779 1792 3826 ut
1821 3774 1878 3827 in
1911 3773 2082 3845 priore
2103 3772 2348 3828 methodo
2371 3774 2728 3831 administrari
2747 3779 2948 3849 potuit,

601 3856 833 3926 eleganti
853 3871 1097 3911 carorum
1119 3857 1496 3927 plenorumque
1518 3858 1780 3912 mensium
1800 3865 1959 3929 atque
1980 3858 2242 3928 aequabili
2261 3860 2608 3917 successione.
2661 3861 2806 3917 Nam
2826 3864 2947 3919 dies

600 3940 769 3995 30681
794 3942 1041 4011 syzygias
1064 3942 1328 4011 complent
1346 3942 1562 3997 alternis
1584 3943 1791 4013 plenas,
1815 3949 1868 3997 et
1890 3959 2046 3996 cavas
2067 3943 2200 3998 1040
2222 3950 2274 3998 et
2295 3960 2461 4001 unum
2483 3952 2760 4017 praeterea
2779 3947 2943 4004 dien.

599 4025 681 4080 Ita
700 4027 887 4097 plenae
910 4034 1033 4079 sunt
1047 4025 1165 4090 521,
1188 4042 1346 4079 cavae
1363 4026 1481 4082 519.
1513 4027 1595 4081 lta
1615 4034 1729 4082 tota
1742 4045 1865 4082 vero
1888 4028 2101 4100 periodo
2125 4030 2395 4084 embolimi
2415 4047 2624 4086 menses
2646 4033 2793 4103 plani
2811 4041 2949 4091 sunt

599 4110 684 4165 31.
754 4110 859 4165 Sed
880 4127 1001 4165 cum
1030 4110 1160 4164 1040
1180 4112 1430 4182 syzygiae
1448 4114 1659 4167 lunares
1681 4115 1947 4184 postulent
1967 4114 2078 4167 dies
2100 4113 2294 4180 30682,
2324 4113 2481 4171 horas
2505 4117 2554 4170 6.
2577 4115 2684 4182 51’,
2717 4118 2948 4174 deaut

601 4196 669 4249 ad
691 4197 930 4251 ultimam
950 4195 1315 4267 complendam
1339 4196 1448 4250 dies
1476 4198 1521 4263 1,
1541 4196 1655 4254 hor.
1676 4197 1726 4251 7.
1758 4198 1880 4253 Ideo
1903 4214 2175 4269 perperam
2195 4198 2275 4252 illi
2294 4201 2489 4257 iustam
2509 4203 2794 4273 syzygiam
2815 4220 2948 4261 σοι·

599 4280 828 4346 flabant,
850 4298 971 4335 cum
987 4298 1093 4335 non
1111 4281 1335 4351 amplius
1354 4297 1510 4350 quam
1534 4281 1602 4335 28
1619 4282 1753 4348 dies,
1777 4281 1935 4336 horae
1953 4282 1985 4336 6
2008 4291 2359 4353 superessent.
2396 4285 2456 4341 Si
2478 4288 2622 4341 enim
2641 4305 2716 4343 ex
2737 4289 2826 4345 29.
2855 4289 2946 4345 52.

600 4363 703 4431 44',
728 4383 863 4436 quae
886 4372 967 4420 est
988 4365 1160 4423 media
1181 4366 1414 4436 syzygia,
1439 4366 1664 4421 deducas
1689 4371 1731 4422 1.
1750 4367 1798 4420 6.
1814 4367 1898 4432 51,
1921 4376 2232 4438 supererunt
2252 4368 2336 4435 28,
2358 4369 2409 4426 5.
2425 4368 2532 4437 53’,
2551 4371 2658 4427 hoc
2680 4381 2766 4428 est
2787 4373 2948 4429 ὧιοσι

602 4445 738 4503 ὀκτὼ
760 4449 962 4521 ἡμέραι,
986 4452 1067 4505 καὶ
1089 4445 1221 4522 ὧραι.
1235 4455 1389 4522 τρεῖς,
1419 4456 1480 4504 ut
1501 4453 1640 4522 apud
1661 4450 2008 4523 Epiphaninm
2033 4453 2415 4510 emend-andum
2436 4455 2614 4514 fuerit.
2658 4458 2754 4514 Sic
2777 4461 2948 4519 biduo

598 4534 710 4589 fere
733 4534 911 4589 civiles
932 4536 1237 4592 neomeniae
1262 4533 1345 4596 τὰς
1368 4531 1578 4606 ἀκριβεῖς
1598 4536 1972 4607 anticipabant.
2001 4536 2070 4591 Et
2083 4540 2334 4609 quoniam
2349 4540 2604 4613 Keplerus
2622 4546 2848 4602 coniicit
2861 4548 2950 4603 Iu-

399 4642 442 4691 p.
460 4635 547 4685 iss.
599 4619 789 4686 uscos,
813 4625 872 4672 ut
891 4636 1088 4679 annum
1107 4622 1363 4693 tropicum
1385 4638 1505 4677 cum
1522 4620 1725 4679 Iuliano
1746 4622 2106 4686 conciliarent,
2128 4639 2294 4679 unum
2316 4624 2454 4681 diem
2473 4634 2600 4697 post
2619 4631 2806 4699 cyclo.
2829 4649 2949 4689 m
