3185 5219
965 468 1283 520 seturna
1320 469 1400 519 AB
1437 467 1582 519 ALB.
1622 467 1873 518 immo.
2466 453 2587 518 107

268 603 365 642 σιν.
431 589 572 640 Haec
604 588 1015 640 anachoretarum
1051 587 1247 655 opificia
1281 587 1441 656 tangit
1474 590 1700 650 synesius
1733 588 1783 638 in
1825 588 1984 638 Dione
2032 605 2079 655 p.
2109 591 2192 639 46.
2225 587 2278 638 C.
2333 584 2384 640 τί
2415 579 2587 645 αύτοίς

267 675 317 727 οἱ
350 671 567 729 κάλαθοι
602 670 859 743 βούλονται
891 673 982 727 καὶ
1020 671 1078 729 τὸ
1114 670 1400 740 πλεγμάτια
1435 665 1564 728 ἅττα
1600 673 2039 743 μεταχειρίζεσθαι
2072 690 2171 734 -;
2225 690 2273 739 p.
2298 675 2381 723 48.
2414 672 2467 720 Β.
2505 668 2588 724 ἐπὶ

267 760 444 826 ῥῶπας
479 757 569 812 καὶ
605 757 784 825 λύγους
817 755 1119 827 ἐστράφθαι.

402 846 457 895 Ρ.
491 849 592 894 472
625 845 827 910 (1072).
882 845 1034 898 οἵαν
1067 839 1116 899 δ’
1150 840 1511 910 ἀναλόγως
1552 842 2088 912 συμπρόπουσαν
2121 845 2208 912 τῷ
2245 837 2587 909 ἀξιώματι

269 927 386 983 καὶ
437 932 562 995 τῆς
610 928 1219 996 ἐκκλησιαστικῆς
1265 929 1637 996 φροντίδος
1688 928 2097 999 ἐνδελεχείᾳ
2151 922 2417 996 εὕροιεν
2468 925 2588 980 τέ-

266 1017 463 1084 χνην]
518 1017 588 1064 Ex
624 1015 704 1065 ed.
757 1015 898 1067 Basil.
941 1030 1131 1083 repone
1176 1007 1236 1069 ἂν
1270 1024 1390 1066 ante
1419 1010 1697 1083 άναλόγως.
1769 1015 2030 1066 Praeterea
2063 1017 2129 1083 τῇ
2167 1023 2286 1065 snte
2317 1013 2417 1079 τῆς
2448 1010 2588 1063 exd—

266 1100 401 1150 disse
436 1098 650 1151 videtur.

281 1179 286 1184 ’
410 1185 463 1235 P.
497 1188 598 1235 474
636 1186 839 1253 (1073).
910 1183 999 1252 μῆ
1038 1185 1314 1253 τέμνειν
1356 1186 1611 1255 τρίχας
1644 1185 1943 1255 γενείου,
1984 1184 2172 1253 μηδὲ
2205 1179 2587 1251 ἑταιρισμῷ

267 1276 666 1337 κατακομεί
677 1272 858 1336 σθαι]
899 1271 1072 1322 Placet
1105 1272 1574 1338 κατακοσμεῖσθαι,
1611 1272 1746 1339 quod
1779 1276 2004 1324 petavius
2032 1270 2264 1322 coniecit.
2335 1271 2591 1321 comm-ius

267 1356 438 1416 vertit,
474 1357 612 1423 qussi
647 1357 886 1424 seriptum
921 1366 1053 1407 esset
1087 1358 1397 1424 κατακομᾶν.
1466 1358 1644 1426 Neque
1678 1358 1811 1408 enim
1841 1357 2235 1424 κατακομᾶσθαι
2265 1355 2318 1405 in
2355 1371 2441 1404 usu
2477 1352 2588 1402 fuit.

275 1442 464 1492 Comae
499 1451 669 1492 tamen
705 1442 914 1493 alendae
948 1440 1166 1492 studium
1203 1443 1365 1493 verbis
1402 1442 1680 1512 ἑταιρισμῷ
1716 1442 2155 1509 κατακοσμείσθαι
2187 1438 2468 1508 significari.
2506 1437 2590 1488 ἰΰ-

265 1526 513 1594 telligitur
540 1544 601 1577 ex
630 1526 927 1594 praegressis
955 1526 1148 1577 verbis:
1187 1529 1235 1580 oi.
1270 1525 1360 1595 μὲν
1393 1525 1452 1582 τό
1489 1527 1693 1596 γένειον,
1728 1527 1821 1593 τῆν
1857 1523 2058 1595 μορφήν
2097 1527 2186 1579 τοῦ
2220 1522 2419 1593 ἀνδρὸς,
2455 1522 2589 1579 ἀπο·-

265 1612 542 1679 τέμνουσι,
592 1612 837 1682 τρίχας
885 1610 962 1668 δὲ
1010 1612 1141 1679 τῆς
1185 1614 1503 1680 κεφαλῆς
1546 1610 1885 1673 πολλάκις
1917 1612 2191 1679 κομῶσι.
2264 1613 2387 1664 Viro
2423 1619 2588 1662 sutem

267 1697 396 1749 illud
427 1697 645 1748 studium
679 1695 937 1765 indignum
971 1715 1112 1765 esse,
1165 1702 1463 1762 Epiphanius
1496 1699 1594 1750 hoc
1629 1698 1744 1749 loco
1784 1715 1849 1748 ex
1883 1696 2331 1748 Constitutionibns
2367 1701 2592 1764 Aposto-

267 1784 435 1835 lorum
481 1792 533 1834 et
567 1781 718 1850 paulo
769 1794 888 1849 post
932 1801 993 1833 ex
1029 1784 1277 1851 Apostolo
1330 1786 1352 1833 1
1391 1784 1504 1835 Cor.
1542 1789 1637 1847 11,
1681 1790 1763 1834 14.
1797 1801 1871 1850 sq.
1924 1782 2093 1834 docet.
2164 1781 2311 1833 Goni'.
2359 1783 2592 1847 Epiphan.

269 1888 323 1937 p.
355 1872 454 1919 530
487 1870 670 1937 (1106)
709 1878 761 1918 et
787 1884 912 1936 quae
948 1872 1174 1931 synesius
1212 1868 1386 1920 calvit.
1427 1872 1633 1920 Encom.
1664 1886 1771 1937 cap.
1801 1873 1882 1918 21.
1914 1885 2022 1936 sqq.
2058 1866 2266 1918 eandem
2300 1866 2350 1917 in
2386 1875 2591 1917 senten·

268 1954 397 2006 tiam
431 1964 607 2006 eontra
641 1952 857 2004 Dionem
891 1953 1301 2023 Chrysostomurn
1334 1954 1572 2021 disputat.

410 2041 462 2090 P.
488 2043 590 2089 474
623 2039 826 2106 (1074).
895 2036 1273 2101 ἐξώκειλαν
1306 2040 1388 2109 τῇ
1425 2033 1552 2105 ἀλη
1573 2038 1758 2108 θείᾳ]
1794 2037 2145 2089 Scribendum:
2198 2037 2296 2106 τῆς
2330 2032 2593 2103 ἀληθείας.

273 2125 425 2176 Conf.
472 2127 671 2175 Πσιήοά.
720 2124 925 2175 Conviv.
957 2124 1027 2173 X.
1080 2126 1217 2191 virg.
1251 2124 1329 2174 ed.
1372 2124 1519 2177 Allat.
1569 2142 1620 2191 p.
1659 2128 1772 2174 181.
1823 2125 1922 2188 τῆς
1969 2121 2267 2192 φρονήσεως
2315 2121 2590 2185 ἐξώκειλεν.

271 2230 324 2279 p.
361 2215 478 2262 240.
513 2209 610 2277 τῆς
639 2208 841 2270 ἐλπίδος
872 2210 974 2262 τῶν
1006 2206 1287 2275 μελλόντων
1318 2206 1589 2273 ἐξώκειλαν
1623 2204 1849 2276 ἀγαθῶν.
1900 2205 2215 2273 Ἐξοκέλλειν
2245 2205 2381 2268 τινός
2409 2206 2594 2258 dicun-

273 2309 387 2362 tur,
436 2296 522 2364 qui
571 2296 734 2363 aliqua
785 2312 841 2346 re
877 2294 1125 2345 excidunt.
1196 2294 1331 2345 Alias
1365 2293 1640 2358 ἐξοκέλλειν
1676 2294 1749 2354 εἰς
1782 2312 1829 2347 τι
1865 2295 1945 2345 vel
1976 2292 2105 2362 πρός
2136 2311 2185 2347 τι
2220 2301 2296 2343 est
2327 2297 2379 2344 iu
2414 2294 2597 2356 aliqum

273 2386 562 2446 ιἠψὶπρενε,
612 2380 906 2447 metaphora
943 2397 971 2429 a
1010 2380 1215 2431 navibus
1247 2390 1425 2430 sumta.
1498 2380 1626 2430 Vide
1662 2383 1861 2445 Sequar.
1896 2379 1960 2431 ad
1996 2379 2148 2429 Clem.
2195 2377 2333 2429 Alex.
2373 2379 2436 2440 Q.
2461 2379 2521 2428 D.
2544 2380 2594 2428 8.

272 2486 324 2536 p.
351 2471 468 2518 356.
499 2483 572 2532 sq.
610 2482 787 2533 meque
825 2464 1080 2516 Animadv.
1116 2465 1168 2516 in
1203 2469 1256 2517 S.
1287 2469 1434 2516 Busil.
1473 2467 1512 2515 l.
1549 2484 1599 2533 p.
1626 2471 1705 2515 14.

415 2553 468 2602 Ρ.
490 2542 959 2619 478(1076).“Ως
994 2540 1107 2603 οὖν
1142 2549 1457 2617 περὶτῶν
1491 2552 1850 2605 παλλακῶν
1884 2548 2147 2604 τούτων
2181 2550 2312 2604 τῶν
2346 2545 2595 2618 όγδοῆ-

275 2656 483 2693 κοντα
535 2634 908 2703 εἰρηκότες
952 2633 1269 2706 άπαρχῆς
1305 2666 1363 2675 -
1405 2638 1512 2702 -.]
1567 2638 1706 2688 Haec
1741 2653 1841 2704 quo
1876 2637 2191 2704 pertineant,
2228 2654 2327 2688 non
2364 2634 2594 2703 dispicio,

274 2723 370 2775 nisi
422 2719 492 2783 οἷς
526 2723 769 2773 scribetur
804 2732 855 2772 et
903 2722 1087 2772 verba:
1135 2722 1586 2789 περιλειφθήσεται
1632 2718 1757 2789 ἡμῖν
1803 2718 1840 2788 r}
1878 2721 1995 2788 περὶ
2043 2715 2293 2787 ἀληθείας
2340 2713 2599 2783 ἀπόδειξις

278 2828 329 2878 ρ.
344 2813 447 2860 480
482 2808 686 2875 (1077),
726 2808 1053 2875 praegressis:
1100 2806 1270 2861 Φύσει
1304 2807 1394 2874 μὲν
1430 2804 1527 2874 γάρ
1563 2806 1687 2861 εἰσιν
1722 2835 1786 2846 -
1824 2835 1889 2846 -
1925 2803 2070 2873 μόνον
2105 2802 2165 2859 δὲ
2197 2804 2254 2859 τὸ
2290 2798 2449 2871 ὄνομα
2484 2803 2596 2859 ἐπι·

276 2893 600 2961 κεκλημένων
634 2892 887 2960 Χριστοῦ,
941 2893 1227 2960 parenthesi
1259 2892 1491 2955 inclusis,
1530 2888 1885 2952 άνακολούθως
1916 2891 2052 2942 dicta
2085 2890 2424 2957 accipiantur,
2458 2891 2596 2958 quasi

277 2976 354 3040 εἰς
387 3009 452 3018 -
488 3009 549 3019 -
590 2974 823 3046 είρηκόσι
857 2977 1139 3045 praecedat.
1214 2980 1267 3027 ln
1306 2977 1383 3028 ed.
1424 2976 1568 3028 Basil.
1610 2986 1726 3027 ante
1760 2975 1916 3045 φύσει
1948 2976 2169 3043 virgula,
2223 2975 2274 3027 in
2310 2976 2388 3027 ed.
2428 2978 2596 3027 Peter.

274 3064 550 3119 semicolon
587 3063 804 3131 ponitur.
864 3062 1117 3115 Posterior
1151 3064 1279 3114 ratio
1316 3063 1436 3113 ferri
1472 3062 1679 3129 poterit,
1715 3062 1757 3112 si
1793 3062 2064 3112 semicolon
2100 3072 2217 3129 post
2243 3061 2469 3128 Χριστοῦ
2508 3080 2595 3113 re-

273 3161 480 3220 petatur
513 3161 564 3199 et
614 3148 933 3217 parenthesin
982 3147 1186 3198 efficiat.
1261 3148 1492 3198 Ceterum
1540 3147 1832 3198 mendosam
1881 3148 2175 3216 scripturum
2220 3141 2321 3200 ἀπὸ
2373 3143 2599 3214 μήκοθεν

274 3236 454 3289 notavi
487 3235 554 3286 nd
586 3236 650 3286 T.
678 3235 736 3284 ΙΙ.
774 3252 821 3302 p.
850 3238 946 3284 852
982 3235 1151 3300 (764).

413 3322 467 3372 Ρ.
515 3325 618 3370 480
657 3321 860 3388 (1077).
917 3312 1132 3386 ’Όμου
1185 3316 1307 3385 γάρ
1360 3316 1427 3372 ἐν
1478 3318 1651 3372 πᾶσι
1700 3317 1865 3375 θεὸν
1918 3315 2473 3384 ἐπικαλούμενοι
2509 3319 2595 3387 --]

280 3405 516 3473 Con-ige:
573 3403 738 3472 Ὁμοῦ
778 3434 856 3454 -.
928 3403 1170 3455 Mendosa
1218 3404 1462 3472 scriptura
1499 3397 1630 3472 ὅμου
1663 3407 1873 3456 recurrit
1922 3422 1970 3472 p.
2006 3408 2105 3456 520
2140 3404 2324 3472 (1100)
2362 3402 2444 3453 ubi
2478 3402 2595 3453 edd.

277 3490 427 3543 Basil.
464 3501 520 3542 et
555 3492 724 3541 Petav.
763 3486 892 3556 ὁμοῦ
927 3499 1076 3540 recte.

416 3578 470 3628 P.
501 3581 600 3627 482
640 3576 842 3643 (1078).
912 3571 1013 3628 Τὰ
1062 3573 1175 3642 μὲν
1223 3576 1567 3641 πολυειδῆ
1619 3575 1738 3628 καὶ
1785 3575 2185 3642 πολύτροπα
2231 3574 2351 3628 καὶ
2382 3577 2596 3630 πολυ-

279 3663 619 3732 σχιδῆ...
655 3657 1120 3729 διαλαβόντες
1154 3662 1454 3727 προπετῆ
1490 3656 1900 3726 διδάγματα
1923 3661 2010 3725 -]
2050 3662 2124 3710 De
2157 3677 2284 3711 voce
2306 3661 2597 3728 πολυσχεδῆ

273 3748 329 3799 in
367 3747 648 3815 πολυσχιδῆ
685 3745 924 3797 mutanda
957 3746 1125 3796 monui
1152 3746 1218 3796 ad
1252 3748 1313 3796 T.
1337 3748 1372 3795 Ι.
1408 3763 1457 3812 p.
1480 3748 1582 3795 410
1615 3746 1783 3809 (222).

415 3833 469 3882 Ρ.
499 3836 598 3882 482
630 3832 834 3898 (1078).
902 3830 1016 3886 τόν
1067 3848 1142 3884 τε
1192 3825 1473 3897 ἄπειρον
1628 3832 2102 3900 βλασφημιῶν
2152 3829 2268 3884 καὶ
2301 3831 2596 3901 αἰσχρο-

278 3916 531 3984 λογιῶν
580 3918 703 3970 καὶ
755 3912 1213 3983 ἀηδεστάτων
1266 3912 1496 3969 αύτῶν
1549 3916 1961 3983 μυστηρίων
1995 3912 2310 3970 κλύδωνα
2345 3920 2599 3984 διανη·

279 4001 586 4070 ξάμενοι]
639 4003 824 4053 Eadem
879 4001 1031 4067 figura
1052 4066 1056 4071 ,
1080 4000 1386 4069 Epiphanius
1440 4018 1487 4068 p.
1518 4006 1619 4052 482
1655 4002 1858 4067 (1079).
1925 3999 2013 4055 τὸν
2045 4002 2262 4055 τοιοῦτον
2312 3995 2462 4068 ὄγκον
2494 4002 2597 4055 τῶν

275 4086 650 4153 προειρημένων
688 4087 962 4155 μοχθηρῶν
997 4086 1337 4141 διδασκαλιῶν
1373 4082 1743 4153 διανηξάμενοι.
1802 4086 1914 4139 vid.
1940 4089 2178 4139 Ruhnken.
2203 4086 2269 4137 sd
2298 4089 2416 4137 Tim.
2444 4104 2496 4154 p.
2518 4090 2596 4137 72.

414 4174 464 4224 Ρ.
497 4176 597 4222 482
635 4174 839 4240 (1078).
910 4172 1087 4239 μάλα
1124 4171 1332 4238 μόλις
1363 4172 1489 4225 τῶν
1540 4171 1959 4239 ζητημάτων
2006 4171 2228 4238 πάντη
2264 4168 2599 4226 ἐπιλυσά·

280 4258 491 4327 μενοι]
531 4258 827 4309 Mendosum
861 4267 940 4307 est
973 4256 1357 4325 ἐπιλυσάμενοι,
1394 4256 1641 4325 siquidem
1674 4256 1972 4312 ἐπιλύεσθαι
1992 4296 2004 4317 ,
2040 4261 2318 4320 dissolvere,
2352 4261 2599 4320 afficere,

277 4342 550 4412 genitivum
589 4344 795 4411 respuit.
865 4342 1130 4410 Suspicor,
1174 4346 1493 4406 Epiphaniam
1529 4342 1908 4411 ἐπιλελησμένοι
1937 4342 2206 4410 scripsisse.
2276 4343 2352 4392 De
2386 4343 2595 4410 copula-

279 4428 348 4479 tis
393 4428 597 4479 vocibus
647 4423 784 4496 μάλα
830 4425 979 4494 μόλις
1027 4428 1166 4479 conf.
1214 4429 1274 4478 T.
1310 4430 1366 4478 ΙΙ.
1405 4447 1454 4496 p.
1490 4433 1585 4480 728
1619 4433 1772 4498 (808)
1813 4426 1951 4496 μάλα
1986 4424 2131 4494 μόλις
2164 4425 2501 4495 διεδράσαμεν
2536 4426 2595 4483 τὸ

278 4510 633 4575 δυςθαλάττιον
666 4515 812 4568 τοῦτο
844 4514 1041 4583 χωρίον.

418 4602 468 4652 Ρ.
501 4605 600 4651 482
630 4601 835 4668 (1078).
901 4596 1228 4666 κυμάτων
1263 4598 1602 4665 κύρτασιν
1651 4596 2295 4667 ύπομεμενηκότες]
2331 4592 2591 4665 Κύρτασιν

276 4686 522 4739 mendose
556 4684 704 4736 codd.
734 4703 846 4737 mss.
887 4697 939 4737 et
985 4684 1066 4736 ed.
1103 4685 1280 4747 Basil.;
1332 4683 1582 4752 κύρτωσιν
1616 4696 1753 4737 recte
1786 4685 1868 4736 ed.
1900 4688 2067 4738 Petnv.
2135 4690 2176 4736 A
2208 4686 2364 4738 verbo
2392 4685 2594 4756 κυρτόω
