3185 5219
607 350 742 409 GLx

605 507 878 561 emendare
903 507 1167 578 cupientes
1188 503 1384 577 pascha
1402 521 1560 560 suum
1590 506 1647 560 in
1681 524 1769 561 xx.
1793 505 1971 561 Martii
2003 503 2140 560 diem
2175 501 2463 569 distulisse,
2498 520 2602 577 quo
2633 519 2824 577 passas
2855 513 2933 561 eu

604 591 864 659 Christus,
899 609 1003 663 quo
1036 592 1281 645 nimirum
1305 592 1519 663 propius
1545 592 1611 645 ad
1635 593 2020 662 aequinoctium
2048 591 2373 657 accederent,
2407 592 2490 645 vel
2521 593 2682 645 etiam
2713 593 2931 646 coeleste

602 678 962 750 plenilunium.
1030 677 1164 731 Nam
1192 678 1290 731 hoc
1314 679 1473 732 verba
1506 678 1622 748 ipsa
1651 678 1808 731 tacite
1843 667 2224 731 demonstrantz
2261 677 2342 729 καὶ
2375 673 2600 746 ἰσημερίαι
2634 675 2732 748 πρὸ
2767 677 2933 730 ἔνδικα

603 763 873 815 Καλανδῶν
896 760 1213 833 Ἀπριλλίων,
1240 761 1303 815 δι’
1326 763 1386 829 ἣν
1411 761 1731 828 πλανηθέντες
1757 761 2026 833 ὑπίρβατον
2052 762 2166 834 μίαν
2188 760 2374 832 ἡμέραν
2398 759 2647 827 ἐποίησαν.
2689 763 2834 833 Ergo
2856 762 2933 815 διὰ

601 847 689 915 τὴν
712 844 977 919 ἰσημερίαν,
1002 855 1057 900 et
1075 848 1298 902 fortasse
1320 854 1532 919 propter
1553 849 1733 901 lunam
1757 848 1942 914 etiam,
1974 863 2041 902 ne
2075 853 2346 920 tantopere
2378 849 2447 902 ab
2480 853 2703 919 utroque
2733 847 2932 902 recede-

601 939 742 997 rent,
765 932 901 985 diem
921 932 1249 988 diffuderant.
1288 934 1496 986 Poterat
1514 934 1654 986 enim
1673 934 1756 986 vel
1773 935 1886 1004 ipse
1903 933 2088 988 sideris
2106 939 2348 1006 aspectus
2366 934 2477 988 vitii
2495 934 2613 987 illos
2630 933 2931 999 admonere3

602 1018 741 1090 quod
764 1019 947 1071 saltem
972 1019 1311 1072 minuendum
1335 1035 1449 1071 esse
1471 1019 1821 1073 decreverunt.

734 1102 869 1157 Cum
892 1102 1020 1157 haec
1044 1103 1364 1175 Epiphanius
1389 1104 1663 1158 manifeste
1685 1106 1902 1169 sentiat,
1927 1111 2133 1159 caetera
2154 1120 2290 1176 quae
2312 1106 2378 1159 ab
2401 1121 2465 1159 eo
2488 1105 2732 1159 dicuntur
2752 1104 2934 1158 eodem

601 1189 868 1259 dirigenda
902 1195 1026 1242 sunt
1056 1195 1215 1260 atque
1244 1189 1343 1242 hoc
1377 1190 1533 1244 modo
1565 1191 1952 1244 constituenda:
1988 1190 2223 1245 Christus
2244 1190 2416 1260 legale
2437 1189 2636 1261 pascha
2655 1190 2936 1244 celebravit

600 1291 721 1328 cum
750 1276 1010 1346 plerisque
1042 1274 1248 1329 Iudaeis
1283 1293 1389 1329 xvr.
1412 1275 1527 1330 Kal.
1557 1277 1706 1345 Apr.,
1740 1275 1872 1329 feria
1903 1295 2007 1341 m„
2043 1277 2170 1330 luna
2199 1275 2411 1329 Iudaica
2440 1277 2630 1330 vitiosa
2655 1293 2779 1340 xm,
2814 1292 2930 1330 cum

598 1361 730 1415 feria
752 1379 800 1415 v.
827 1362 953 1414 luna
976 1379 1083 1414 κη.
1108 1361 1298 1413 vitiosa
1319 1360 1497 1431 perfici
1520 1361 1771 1415 debuerit.
1839 1361 2005 1415 Biduo
2027 1362 2191 1432 igitur
2212 1361 2501 1417 antevertit.
2561 1362 2634 1415 At
2651 1361 2931 1426 Pharisaei,

600 1445 880 1517 Iudaeique
903 1445 990 1499 alii
1014 1447 1139 1499 luna
1162 1445 1372 1500 Iudaica
1389 1464 1491 1510 xv„
1515 1447 1693 1500 Martii
1710 1465 1818 1512 xx„
1845 1464 1947 1517 quo
1971 1446 2054 1500 die
2074 1463 2261 1518 passus
2283 1454 2364 1500 est
2382 1445 2634 1513 Christus,
2659 1445 2770 1499 καθ’
2789 1445 2932 1517 finip—

601 1532 743 1602 βασιν
766 1532 865 1585 diei
891 1532 1047 1584 unius
1071 1548 1103 1584 a
1126 1533 1251 1584 luna
1274 1549 1378 1585 xiv.
1406 1531 1472 1584 ad
1496 1550 1581 1585 xv.
1649 1532 1730 1586 Ex
1765 1533 1829 1586 iis
1860 1532 2022 1586 falsos
2051 1549 2143 1587 eos
2165 1549 2279 1586 esse
2303 1538 2506 1587 constat
2527 1533 2619 1603 qui
2641 1532 2931 1603 Epiphanio

602 1617 920 1672 Graecorum
954 1618 1267 1671 sententiam
1301 1617 1624 1681 adscribunt3
1669 1617 1808 1688 quod
1842 1617 2074 1671 Christus
2108 1616 2301 1689 pascha
2332 1618 2461 1671 luna
2491 1633 2608 1673 xm.
2642 1618 2930 1682 celebrarit,

598 1711 718 1757 ante
742 1703 961 1756 Iudaeos
976 1743 989 1767 ,
1015 1702 1177 1773 quiid
1200 1703 1446 1773 postridie
1467 1704 1778 1773 peregerint.
1825 1703 1942 1756 Non
1966 1704 2104 1757 enim
2129 1722 2243 1758 1111.
2261 1705 2411 1769 luna,
2436 1703 2527 1756 sed
2550 1720 2646 1757 ιιι.
2667 1702 2932 1757 Christum

598 1788 649 1842 id
675 1789 848 1859 egisse
873 1793 1075 1854 censet,
1108 1796 1365 1857 quatenus
1396 1788 1525 1841 feria
1547 1808 1626 1844 m.
1658 1790 1945 1859 contigisse
1967 1793 2132 1859 putat.
2203 1788 2352 1854 Quod
2375 1789 2422 1842 si
2444 1805 2514 1842 ex
2536 1789 2804 1843 communi
2825 1803 2930 1843 eer-

597 1874 907 1944 tissimaque
931 1875 1190 1927 sententia
1210 1874 1342 1927 feria
1364 1893 1413 1926 v.
1438 1873 1726 1927 celebrasse
1751 1873 2014 1928 Christum
2036 1874 2318 1928 arbitratus
2341 1880 2501 1940 esset,
2535 1891 2644 1928 non
2675 1875 2781 1928 alia
2807 1875 2931 1928 luna

600 1974 757 2030 quam
782 1975 916 2030 quae
941 1975 1006 2013 ex
1024 1960 1213 2013 vitioso
1237 1960 1383 2029 cyclo
1401 1977 1507 2013 xxv.
1531 1958 1666 2012 soret
1687 1959 1886 2013 factum
1909 1966 2178 2015 assereret.
2214 1959 2360 2013 Unde
2383 1977 2450 2014 ex
2474 1960 2798 2030 castigatiori
2813 1959 2931 2030 Epi-

597 2043 777 2116 phanii
792 2045 985 2098 iudicio
1004 2043 1356 2098 definiendum
1379 2050 1458 2098 est
1477 2044 1740 2098 Christum
1764 2046 1892 2099 feria
1911 2065 1980 2110 ι,
2003 2046 2130 2098 luna
2149 2063 2255 2101 xxv.
2282 2062 2404 2098 cum
2422 2045 2689 2099 nonnullis
2708 2046 2931 2111 ludaeis,

599 2137 832 2184 caeteros
855 2147 978 2184 vero
1000 2147 1120 2184 cum
1141 2128 1432 2183 Pharisaeis
1456 2130 1586 2183 feria
1609 2149 1678 2184 vr.
1702 2129 1894 2201 pascha
1918 2130 2223 2186 comedisse.
2292 2129 2406 2195 Qua
2428 2147 2495 2184 ex
2519 2129 2798 2202 Epiphauii
2821 2131 2930 2201 opi·

598 2217 754 2270 nione
779 2217 880 2269 duo
904 2217 1234 2287 colliguntur,
1262 2231 1394 2286 quae
1419 2233 1538 2269 cum
1563 2216 1627 2269 de
1649 2217 1909 2286 passionis
1933 2232 2071 2269 anno
2106 2216 2370 2286 quaeritur
2397 2218 2648 2270 acerrime
2679 2216 2932 2287 disputari

598 2303 792 2356 solent:
829 2302 1048 2356 alterum
1082 2301 1389 2356 Iudaeorum
1424 2301 1684 2372 principes
1717 2319 1823 2355 non
1857 2301 2040 2355 eodem
2064 2317 2185 2355 cum
2209 2300 2413 2355 Christo
2437 2300 2524 2355 die
2543 2302 2781 2372 legitimo
2806 2302 2932 2372 agni

598 2388 752 2459 epulo
776 2387 1103 2458 perfunctos,
1128 2387 1347 2440 alterum
1372 2403 1490 2441 cum
1512 2387 1627 2440 sine
1650 2388 2052 2441 commutatione
2075 2388 2252 2458 aliqua
2272 2393 2569 2458 temporum
2592 2403 2653 2441 ac
2675 2389 2930 2443 fenorum

596 2473 649 2527 id
674 2473 905 2527 accidere
926 2490 1033 2526 non
1057 2473 1308 2543 potuerit,
1331 2473 1728 2526 translationem
1751 2473 1978 2543 aliquam
2000 2473 2105 2526 illis
2127 2473 2450 2542 temporibus
2474 2474 2726 2528 extitisse.
2761 2473 2931 2538 Quare

598 2558 664 2613 ad
687 2555 821 2613 hanc
843 2558 1118 2631 Epiphanii
1145 2557 1551 2630 disputationem
1584 2558 1950 2614 illustrandam
1979 2557 2195 2613 totidem
2228 2558 2350 2613 illae
2380 2559 2716 2631 quaestiones
2748 2560 2931 2633 paucis

596 2644 695 2700 hoc
717 2647 833 2700 loco
856 2644 1223 2716 disceptandae
1244 2650 1382 2699 sunt.

688 2833 931 2891 UTRUM
963 2833 1194 2889 IUDAEI
1229 2832 1747 2889 TRANSLATIONE
1781 2832 2147 2888 FESTORUM
2182 2832 2350 2887 OLIM
2383 2832 2496 2888 1581
2526 2832 2838 2889 FUERINT.

728 2955 789 3009 In
811 2956 1083 3009 recentiori
1102 2955 1415 3010 Iudaeorum
1439 2962 1683 3025 computo
1707 2956 2043 3026 scrupulosus
2077 2960 2131 3008 et
2161 2955 2351 3009 anxius
2384 2954 2598 3024 quidam
2622 2960 2702 3008 est
2726 2954 2926 3009 dierum

593 3041 824 3096 delectus
857 3041 922 3094 ad
956 3041 1259 3095 neomenias
1288 3040 1546 3110 figendas.
1613 3041 1693 3095 De
1724 3057 1829 3111 quo
1862 3041 2029 3094 multa
2057 3040 2114 3093 in
2137 3037 2488 3093 Thalmudicis
2513 3040 2927 3105 Commentariis,

595 3128 841 3181 Tractatu
863 3126 925 3179 de
948 3127 1087 3181 Anni
1111 3126 1317 3196 Capite,
1342 3133 1395 3178 et
1415 3126 1472 3179 in
1494 3131 1640 3180 tomo
1663 3127 1831 3195 primo
1855 3126 1949 3179 lad
1969 3125 2032 3180 R.
2053 3126 2201 3179 Mose
2215 3164 2229 3191 ‚
2253 3125 2424 3179 Tract.
2446 3123 2712 3179 Kiddusch
2736 3124 2925 3181 hacho-

595 3211 778 3277 desch,
802 3228 899 3265 nec
922 3228 1031 3265 non
1051 3211 1178 3264 etin
1214 3217 1386 3271 0³:122
1420 3217 1581 3274 '1³25
1617 3210 1680 3265 R.
1705 3209 1911 3263 isachar
1942 3211 2045 3264 ben
2078 3209 2377 3264 Mordechai
2405 3211 2626 3280 aliisque
2657 3211 2830 3277 libris3
2871 3213 2925 3266 iu

595 3297 785 3366 quibus
808 3296 1041 3349 infinitae
1063 3296 1275 3364 reg-ulae
1299 3310 1359 3347 ac
1382 3295 1650 3349 cautiones
1674 3297 2022 3367 praescriptae
2045 3302 2183 3349 sunt.
2245 3294 2480 3349 Duorum
2503 3312 2623 3350 vere
2647 3298 2923 3361 mensium,

593 3381 731 3435 'l'isri
747 3397 808 3434 ac
826 3380 987 3433 Nisan
1005 3381 1285 3450 imprimis,
1302 3380 1612 3433 neomeniae
1628 3381 1695 3433 ab
1713 3381 1816 3433 illis
1836 3381 2192 3447 observantur,
2213 3397 2432 3451 quarum
2449 3381 2925 3437 transferendas-um

595 3482 786 3519 caussa
806 3465 999 3536 duplex
1021 3465 1215 3519 ibidem
1239 3463 1467 3530 affertur,
1490 3466 1744 3519 naturalis
1767 3471 1860 3518 aut
1882 3466 2065 3519 civilis.
2101 3465 2308 3519 Etenim
2328 3483 2448 3520 cum
2471 3483 2632 3537 supra
2651 3467 2810 3521 ferias
2833 3485 2923 3522 ex-

595 3557 860 3606 currentes
884 3551 1134 3604 minutiae
1158 3550 1223 3603 ad
1245 3548 1400 3604 horas
1424 3550 1484 3603 18
1506 3552 1841 3621 perveniunt,
1865 3557 1918 3604 et
1937 3552 2135 3605 lunaris
2161 3551 2409 3622 ψηφισμὸς
2432 3552 2698 3606 meridiem
2721 3553 2825 3606 diei
2845 3554 2922 3607 in·

593 3637 858 3709 sequentis
884 3635 1465 3706 attingit(nam1udaei
1486 3636 1623 3689 diem
1648 3637 1716 3689 ab
1739 3637 1887 3690 initio
1910 3638 2079 3690 noctis
2103 3638 2452 3707 auspicantur,
2486 3654 2519 3691 a
2547 3654 2651 3707 quo
2679 3637 2740 3691 18
2763 3636 2923 3692 horae

594 3728 923 3793 computatae
948 3721 1049 3775 diei
1070 3722 1239 3774 civilis
1260 3722 1526 3791 sequentis
1549 3721 1817 3775 meridiem
1840 3722 2234 3793 assequuntur):
2267 3727 2380 3776 tum
2412 3723 2469 3776 in
2500 3724 2716 3778 alteram
2738 3722 2924 3779 feriam

592 3809 844 3863 naturalis
862 3806 1165 3861 neomeniae
1183 3808 1453 3860 translatio
1470 3807 1584 3860 fieri
1601 3806 1800 3860 dicitur.
1837 3807 1941 3861 Sed
1959 3824 2079 3860 cum
2097 3808 2498 3878 opportunitatis
2516 3808 2734 3865 alicuius
2752 3810 2924 3879 gratis

593 3895 702 3951 dies
728 3893 1030 3946 diffunditur
1064 3892 1211 3945 civile
1245 3890 1345 3946 hoc
1380 3898 1549 3945 totum
1583 3898 1690 3957 est,
1728 3898 1780 3946 et
1812 3893 1876 3946 ab
1908 3891 2180 3947 hominum
2202 3894 2472 3947 voluntate
2506 3900 2559 3947 et
2594 3893 2922 3949 institutione

592 3980 861 4051 dependet.
928 3978 1009 4032 Ex
1042 3976 1141 4031 hoc
1170 3977 1315 4031 fonte
1346 3977 1595 4030 feriarum
1628 3978 1765 4048 apud
1787 3977 2008 4032 Iudaeos
2032 3986 2156 4032 sunt
2177 3985 2303 4032 nata
2326 3978 2560 4033 divortia.
2629 3978 2766 4035 Nam
2788 3981 2921 4033 aliae

590 4066 834 4119 reiiculae
857 4072 1002 4129 sunt,
1029 4063 1163 4116 aliae
1186 4062 1381 4134 probae
1401 4079 1461 4116 ac
1483 4064 1765 4133 legitimae.
1833 4064 2094 4131 Reiicula,
2127 4080 2260 4134 quae
2291 4034 2474 4135 bnon
2496 4065 2563 4119 ab
2585 4064 2691 4118 illis
2716 4065 2920 4131 dicitur,

593 4174 675 4222 est
694 4168 885 4238 triplex
909 4182 1042 4238 quae
1062 4167 1119 4220 in
1142 4165 1279 4219 Tisri
1300 4169 1510 4236 τεχνικῷ
1532 4164 1632 4219 hoc
1655 4166 1908 4220 vocabulo
1930 4168 2223 4220 continetur
2245 4145 2372 4228 '‘t-‘ni
2393 4169 2535 4224 Δάν.
2577 4166 2764 4237 Itaque
2784 4167 2922 4223 'tisri

591 4271 867 4324 neomenia
889 4285 1156 4339 nunquam
1180 4268 1363 4338 incipit
1392 4284 1426 4320 a
1456 4267 1585 4320 feria
1613 4285 1675 4333 1.,
1710 4287 1804 4333 ιι,
1836 4269 1920 4321 vel
1942 4287 2011 4323 vr.
2081 4269 2140 4323 In
2163 4268 2326 4322 Nisan
2348 4286 2472 4323 vero
2493 4247 2721 4330 &²043
2748 4269 2919 4335 Barac,

594 4355 958 4426 significatque
980 4354 1308 4409 neomeniam
1331 4352 1495 4406 Nisan
1519 4370 1789 4424 nunquam
1821 4355 1876 4406 in
1909 4354 2093 4408 feriam
2126 4355 2306 4408 cadere
2329 4373 2414 4421 ιι,
2443 4373 2541 4421 tv„
2572 4356 2658 4409 vel
2679 4372 2751 4409 vr.
2818 4354 2919 4409 Re-

591 4440 765 4510 liqnae
789 4446 1010 4510 quatuor
1031 4440 1190 4493 feriae
1214 4444 1458 4531 nffffap
1478 4439 1762 4494 Kebiluluoffl
1787 4439 2040 4504 dicuntur,
2075 4439 2211 4509 quod
2244 4441 2298 4493 in
2320 4440 2386 4493 iis
2407 4440 2639 4512 figantur
2659 4440 2917 4496 retinean-

592 4530 778 4594 turque
799 4527 1117 4579 neomeniae.
1185 4524 1628 4595 Negligendarnm
1659 4542 1811 4595 porro
1843 4524 2088 4578 feriarum
2123 4527 2295 4579 cautio
2326 4525 2449 4579 inde
2477 4525 2796 4598 profluxisse
2823 4544 2916 4599 pu-

592 4614 747 4676 tatur,
780 4610 918 4679 quod
954 4610 1055 4664 duo
1087 4611 1329 4675 sabbata,
1372 4610 1482 4664 sive
1514 4610 1674 4675 festa,
1712 4611 1768 4664 in
1803 4610 1934 4664 Tisri
1969 4612 2241 4682 praecipue
2271 4611 2520 4666 continua
2551 4628 2669 4667 esse
2699 4614 2914 4682 nollent,
