3185 5219
2309 389 2606 448 ocxxvn

273 539 448 595 ensis
468 539 542 593 sit
561 554 631 593 ex
648 536 942 611 Epiphanio
963 546 1256 605 mutuatus,
1280 539 1344 595 de
1365 542 1667 611 turpissimo
1690 542 1780 597 illo
1802 544 1953 614 lapsu
1971 543 2187 598 verbum
2208 545 2412 601 nullum
2435 562 2609 618 asper·

272 626 354 681 dt.
402 624 511 680 Sed
543 635 721 679 utrum
753 624 854 679 hoo
883 624 1162 697 Epiphanii
1184 626 1435 680 adversus
1455 624 1699 681 haereses
1722 628 2045 683 luculentum
2069 645 2198 700 opus
2222 631 2290 686 ab
2312 632 2608 702 Augustino

269 711 464 764 lectum
485 709 672 776 fuerit,
703 717 916 782 propter
945 726 1034 765 eas
1063 726 1283 765 caussas
1317 711 1542 767 dubitari
1572 719 1773 782 potest,
1809 730 1943 784 quae
1977 715 2031 768 in
2067 716 2415 786 praefatione,
2450 733 2609 787 quam

273 796 415 866 speri
446 796 550 866 ipsi
583 795 954 867 praefiximus,
988 796 1054 851 ad
1086 797 1333 853 lectorem
1367 797 1602 867 pluribus
1636 805 1761 853 sunt
1792 815 1829 852 a
1859 801 2009 854 nobis
2044 802 2330 872 expositae.
2396 800 2611 857 Frustra

270 881 448 950 igitur,
469 888 533 935 ut
555 881 765 952 quidem
787 888 1027 953 apparet,
1058 882 1319 937 solicitata
1350 889 1432 936 est
1451 883 1506 937 in
1530 884 1822 939 Annalibus
1845 886 2159 941 narrationis
2181 887 2320 941 illius
2353 888 2611 959 istiusque

269 965 371 1020 loci
389 965 550 1032 fides,
573 982 696 1021 cum
715 967 862 1021 nulla
884 967 950 1020 ad
973 983 1092 1021 eam
1113 967 1529 1023 labefactandam
1551 970 1682 1023 satis
1706 970 1859 1024 firma
1880 971 2014 1025 rat-io
2039 972 2109 1027 sit
2128 972 2302 1026 allata.

401 1050 468 1105 N.
486 1070 546 1107 ιι.
580 1049 644 1106 Ὀ
667 1050 723 1105 δὲ
745 1051 1045 1124 βουλόμενος
1068 1050 1134 1113 εἰς
1153 1051 1376 1124 ἐκείνου]
1411 1055 1641 1124 Vulgata
1664 1062 1744 1108 est
1764 1054 1982 1111 historia
2004 1057 2095 1111 illa
2118 1057 2181 1111 de
2205 1074 2418 1112 secessu
2434 1058 2607 1129 Tyrio,

272 1136 438 1207 deque
461 1154 633 1192 xxvm
650 1139 803 1192 annis
825 1139 901 1192 ibi
923 1140 1200 1193 transactis
1229 1141 1295 1193 ab
1313 1138 1566 1210 Origene,
1601 1157 1720 1195 cum
1743 1158 1920 1195 sacros
1944 1142 2144 1197 codices
2166 1144 2606 1215 interpretaretur.

272 1220 442 1286 Quam
474 1238 546 1276 ex
575 1221 675 1277 hoc
709 1222 990 1294 Epiphanii
1018 1225 1135 1278 loco
1171 1232 1224 1279 et
1255 1242 1325 1278 ex
1356 1225 1444 1280 lib.
1470 1225 1532 1279 de
1556 1225 1720 1281 Pond.
1744 1233 1797 1280 et
1817 1227 1986 1281 Mens
2012 1226 2321 1299 chronologi
2342 1234 2498 1299 atque
2532 1228 2607 1283 hi-

270 1308 450 1362 storici
470 1309 861 1364 trmstulerunt.
902 1308 1008 1363 Sed
1027 1308 1156 1363 haec
1180 1311 1367 1365 vellem
1389 1311 1479 1364 isti
1501 1312 1793 1365 accuratius
1818 1313 2187 1383 expendissent
2218 1330 2279 1368 ac
2302 1331 2420 1369 cum
2444 1314 2609 1384 gestis

270 1394 513 1464 origenis
543 1400 597 1447 et
615 1393 830 1449 Eusebii
847 1395 937 1450 lib.
954 1412 1026 1450 νι.
1051 1396 1409 1451 contulissent.
1472 1395 1591 1451 Non
1626 1397 1765 1451 enim
1789 1398 2089 1452 dubitamus
2113 1400 2240 1469 quin
2262 1415 2406 1453 mera
2426 1399 2610 1453 fabula

270 1480 340 1533 sit
270 1479 544 1550 unicique
566 1480 720 1533 certis
742 1485 900 1550 atque
923 1479 1248 1535 evidentibus
1273 1482 1594 1551 argumentis
1617 1484 1785 1553 possit
1808 1483 2026 1539 ostendi.
2097 1484 2231 1538 Nam
2265 1483 2394 1539 haec
2427 1485 2483 1538 in
2506 1485 2609 1554 Ty-

270 1580 386 1619 rum
408 1564 662 1635 prdestio
687 1566 931 1636 contigit,
965 1572 1026 1619 ut
1046 1571 1266 1621 testatur
1287 1566 1637 1636 Epiphanius,
1668 1575 1793 1639 post
1814 1568 2054 1639 Origenis
2083 1571 2319 1640 lapsum,
2349 1586 2470 1625 cum
2502 1571 2609 1623 iam

270 1651 544 1721 presbyter
565 1650 834 1705 ordinatus
857 1656 1011 1706 esset.
1064 1651 1183 1707 Non
1204 1651 1369 1705 illud
1354 1668 1462 1705 iam
1483 1660 1690 1724 repeto,
1714 1653 1957 1737 origenis
1981 1656 2331 1709 calamitatem
2354 1655 2517 1709 videri
2539 1671 2610 1709 ex

269 1735 549 1807 Epiphanii
569 1742 745 1790 mente
766 1736 867 1791 sub
888 1736 1048 1791 Decio
1072 1736 1454 1804 collocandam,
1487 1740 1669 1807 paucis
1702 1746 1823 1793 ante
1856 1741 1997 1795 illius
2020 1741 2222 1795 obitum
2252 1741 2421 1796 annis.
2488 1740 2609 1795 Fiu-

269 1836 462 1891 gamus
485 1820 576 1875 diu
596 1827 718 1875 ante
739 1822 1040 1892 contigisse.
1108 1822 1226 1877 Duo
1261 1839 1328 1875 ex
1361 1822 1589 1877 Eusebio
1623 1831 1762 1878 certa
1783 1832 1932 1891 sunt,
1966 1826 2247 1897 Origenem
2278 1843 2341 1881 eo
2374 1833 2609 1897 tempore

270 1906 634 1978 presbyterum
655 1905 941 1961 Caesareae
974 1924 1091 1961 esse
1121 1907 1343 1973 factum,
1377 1923 1484 1977 quo
1516 1908 1747 1964 Zebinus
1768 1909 1969 1965 Phileto
2002 1917 2207 1967 mortuo
2230 1910 2610 1965 Antiochenam

270 1991 450 2063 sedem
474 1993 726 2057 obthuit,
757 2007 880 2047 cum
901 1994 959 2047 in
984 1993 1257 2048 Graeciam
1279 2010 1371 2064 per
1391 1993 1743 2049 Palaestinam
1765 1996 1864 2050 iter
1885 1996 2106 2061 faceret,
2130 1997 2269 2067 quod
2290 1997 2381 2051 lib.
2399 2014 2472 2052 νι.
2496 2012 2609 2068 cap.

271 2095 400 2132 xvrr.
419 2084 618 2133 narrat.
668 2078 801 2132 Item
823 2084 943 2148 post
961 2094 1159 2132 annum
1181 2079 1468 2133 Alexandri
1486 2079 1748 2135 decimum
1771 2079 2083 2135 Caesaream
2104 2082 2491 2154 profugientem
2513 2082 2609 2137 ibi-

269 2162 389 2223 dem
411 2163 610 2217 diutins
629 2161 880 2217 haesisse.
913 2164 1067 2234 Apud
1085 2164 1372 2218 Eusebium
1396 2166 1452 2218 in
1469 2164 1728 2220 Chronico
1751 2165 1990 2221 Zebenus
2014 2174 2135 2238 post
2155 2166 2411 2221 Philotam
2430 2168 2609 2221 Antio-

270 2248 468 2304 chenus
503 2249 781 2320 epiecopus
813 2248 985 2303 factus
1017 2256 1122 2314 est,
1155 2265 1298 2305 anno
1319 2251 1602 2305 Alexandri
1619 2269 1728 2315 νιι.,
1752 2252 1844 2322 qui
1862 2258 1946 2305 est
1967 2251 2161 2306 Christi
2184 2269 2459 2317 ccxxviii„
2490 2269 2610 2307 cum

274 2333 532 2406 Origenes
553 2349 754 2389 annum
776 2340 957 2404 ageret
972 2352 1121 2389 xum.
1157 2337 1342 2391 Annus
1365 2352 1489 2390 vcro
1513 2337 1743 2391 decimus
1762 2337 2045 2392 Alexandri
2064 2337 2253 2392 Christi
2277 2344 2357 2392 est
2375 2354 2609 2405 ccxxxr„

271 2418 518 2491 origenis
539 2436 701 2486 nn,
724 2435 758 2475 a
778 2436 882 2490 quo
905 2419 973 2473 ad
995 2419 1110 2474 eius
1134 2421 1357 2486 obitum,
1392 2423 1482 2491 qui
1510 2439 1647 2476 anno
1673 2421 1864 2477 Christi
1890 2438 2064 2478 ccmv.
2092 2423 2303 2487 accidit,
2336 2425 2461 2477 anni
2484 2430 2610 2478 sunt

269 2523 376 2561 aon
399 2507 580 2577 plures
597 2522 749 2561 xxm.
782 2506 1024 2561 Meminit
1038 2506 1194 2561 huius
1211 2506 1468 2561 secundae
1484 2508 1542 2561 in
1557 2506 1910 2563 Palaestinam
1932 2508 2269 2579 profectionis
2292 2508 2430 2563 idem
2446 2509 2608 2563 Euse-

270 2592 390 2647 bius
411 2592 471 2647 in
493 2589 738 2646 chronico
762 2590 831 2645 ad
853 2607 1050 2647 annum
1073 2590 1324 2646 Antonini
1348 2611 1422 2649 xi.
1470 2593 1663 2648 Verum
1687 2599 1809 2647 ante
1831 2592 1931 2647 hoc
1958 2600 2190 2665 tempus,
2221 2593 2460 2648 hortante
2481 2596 2604 2648 Am-

270 2678 446 2734 brosio
457 2718 473 2745 ,
497 2677 898 2732 commentarios
921 2678 978 2731 in
994 2693 1197 2732 sacram
1215 2678 1525 2749 scripturam
1545 2680 1902 2744 elucubrasse,
1924 2678 2081 2748 idque
2097 2680 2289 2749 partim
2306 2678 2605 2746 Caesareae,

269 2764 466 2836 partim
488 2764 618 2817 alibi
636 2762 848 2828 fecisse,
873 2779 980 2818 non
1001 2764 1220 2817 obscure
1242 2763 1508 2833 significat
1528 2763 1788 2818 Eusebius
1814 2779 1929 2835 cap.
1947 2781 2074 2818 xvu.
2146 2763 2247 2818 Ubi
2269 2764 2453 2817 eodem
2476 2771 2604 2818 tem-

268 2865 423 2922 pore,
447 2865 552 2920 quo
575 2856 755 2903 autore
774 2849 1048 2903 Ambrosio
1065 2849 1120 2902 in
1143 2848 1542 2902 commentando
1560 2854 1674 2902 erat
1695 2854 2002 2919 occupatus,
2024 2848 2435 2919 proficiscentem
2457 2850 2606 2903 illum

268 2936 328 2990 ln
349 2934 628 2990 Graeciam
647 2940 828 2989 narrat
849 2933 1131 2989 Gaesarm
1155 2933 1445 2988 ordinatum
1469 2950 1586 2987 esse
1608 2935 1985 3003 presbyterum.
2031 2932 2285 2997 Quocirca
2309 2934 2502 2988 falsum
2526 2940 2607 2988 est

272 3019 555 3092 origenem
577 3024 716 3074 totos
739 3037 909 3074 xxvm
932 3035 1096 3074 anuos
1114 3019 1240 3089 Tyri
1263 3018 1557 3073 consedisse
1570 3059 1586 3084 ,
1616 3020 1793 3089 ibique
1823 3021 2312 3074 commentariorum
2334 3019 2605 3089 ingentem

272 3106 421 3160 illam
439 3107 634 3160 molem
658 3105 896 3160 edidisse.
964 3105 1074 3159 Hoc
1097 3106 1238 3160 enim
1261 3105 1608 3160 Alexandriae
1622 3144 1636 3169 ‚
1661 3104 1972 3170 Caesareae,
1996 3103 2211 3159 Athenis
2234 3104 2450 3158 diversis
2474 3111 2604 3159 tem·

273 3192 489 3263 poribus
523 3191 656 3261 egit,
689 3192 768 3244 uti
800 3206 911 3262 cap.
931 3206 1079 3244 xvm.
1103 3190 1282 3243 scribit
1311 3189 1583 3243 Eusebius.
1652 3190 1730 3243 De
1753 3190 1910 3259 Tyrio
1945 3206 2154 3244 secessu
2183 3191 2331 3244 nulla
2363 3197 2446 3244 est
2465 3190 2605 3263 apud

272 3276 561 3332 Eusebium
582 3276 722 3346 quod
742 3276 908 3331 sciam
929 3276 1141 3330 mentio.
1175 3276 1386 3330 Hieron.
1410 3275 1668 3329 duntaxat
1689 3275 1853 3346 Epist.
1874 3294 1959 3331 nv.
1986 3276 2048 3329 de
2070 3276 2344 3330 Erroribus
2369 3275 2511 3347 Orig.
2536 3276 2604 3331 ad

273 3361 476 3417 Pamm-
521 3361 754 3426 Caum,
785 3361 982 3432 inquit,
1014 3364 1362 3431 quadraginta
1396 3368 1523 3415 antei
1540 3380 1710 3432 prope
1739 3371 1874 3426 sunt,
1908 3381 1970 3414 ex
1995 3381 2088 3431 quo
2117 3361 2357 3430 Oriycnes
2378 3371 2602 3416 moratus

275 3458 350 3501 su
377 3448 532 3517 Tyri.-
555 3447 694 3518 quod
715 3447 856 3500 idem
874 3447 932 3500 in
956 3446 1207 3517 Catalogo
1231 3446 1418 3517 Script.
1441 3447 1579 3502 Eccl.
1604 3453 1990 3502 commemorat.
2030 3447 2318 3501 Verisimile
2341 3453 2421 3501 est
2442 3447 2604 3518 igitur

275 3532 583 3604 Origenem,
615 3548 736 3586 cum
767 3533 826 3586 in
847 3531 994 3586 Decii
1024 3533 1382 3602 persecutione
1416 3532 1604 3586 affecta
1636 3534 1742 3586 iam
1766 3538 1935 3586 aetate
1956 3533 2136 3601 lapsus
2160 3538 2325 3597 esset,
2348 3533 2403 3585 in
2425 3531 2602 3586 Palae-

275 3620 472 3674 stinam
492 3619 769 3673 recessisse
792 3633 855 3671 ac
877 3617 1002 3687 Tyri
1024 3623 1287 3672 mortuum
1310 3633 1441 3673 esse.

407 3703 475 3759 N.
493 3721 574 3759 ιιι.
606 3700 759 3756 Ὅθεν
776 3702 834 3755 rb
858 3704 1055 3774 πρῶτον
1080 3701 1232 3755 αὐτοῦ
1254 3699 1537 3774 latudine]
1584 3704 1713 3772 Agit
1732 3703 1795 3756 de
1817 3702 1898 3755 his
1923 3701 2159 3772 Origenis
2182 3702 2494 3757 editionibus
2518 3718 2602 3755 ac·

274 3791 607 3845 curatissime
627 3789 762 3843 libro
784 3788 847 3842 de
868 3786 1031 3843 Pond.
1057 3796 1111 3842 et
1130 3788 1314 3853 Mens„
1347 3787 1440 3841 ubi
1461 3804 1598 3858 quae
1620 3787 1824 3858 Exapls
1845 3794 1898 3841 et
1918 3786 2135 3858 Octapla
2154 3787 2348 3841 fuerint
2369 3787 2600 3858 exponit.

273 3875 406 3931 vide
429 3891 568 3946 quae
590 3874 655 3929 ad
677 3892 732 3929 n.
747 3891 857 3929 arx.
881 3873 1075 3928 ibidem
1098 3875 1452 3927 observamus.

410 3961 475 4015 N.
493 3975 608 4015 vm.
652 3957 736 4021 Ὧς
759 3957 854 4030 γάρ
877 3976 996 4019 τινες
1017 3956 1146 4028 ἡμᾶς
1171 3957 1471 4027 βούλονται]
1538 3957 1803 4022 Quantum
1835 3957 1961 4012 haec
1990 3957 2244 4012 vocabula
2276 3957 2376 4012 duo
2401 3956 2601 4027 γενητὸν

272 4056 328 4102 et
347 4045 581 4118 γεννητὴν
603 4044 862 4099 scribendi
882 4042 1362 4116 pronunciandique
1379 4042 1633 4096 &finitate
1651 4044 1927 4098 coniuncta
1943 4049 2067 4098 sunt
2079 4084 2092 4109 ,
2115 4048 2321 4096 tentum
2339 4040 2601 4112 significa·

271 4133 434 4188 tionis
458 4148 559 4187 usu
582 4146 646 4185 ac
666 4131 979 4202 proprietate
1001 4128 1213 4183 distant.
1283 4126 1390 4182 Nec
1414 4135 1496 4182 est
1515 4129 1624 4182 ulla
1645 4145 1776 4193 vox,
1808 4129 1865 4182 in
1887 4145 1991 4198 qua
2013 4128 2303 4182 uberiorem
2325 4126 2603 4184 cavillandi

272 4225 327 4273 et
348 4216 701 4272 ealumnhndi
723 4216 996 4270 materiam
1020 4214 1160 4268 nacti
1181 4214 1509 4280 sintAriani,
1532 4220 1591 4268 ut
1613 4231 1679 4267 ex
1696 4215 2080 4267 Anomaeorum
2097 4212 2297 4266 haeresi
2320 4211 2457 4265 infra
2479 4228 2599 4267 con-

271 4304 451 4359 nabit.
493 4301 634 4357 Nam
655 4300 854 4372 γενητὸς
864 4305 1070 4371 saccum
1092 4298 1381 4370 significat,
1412 4299 1550 4370 quod
1571 4304 1855 4353 creatarum
1879 4314 2051 4352 rerum
2073 4298 2339 4368 proprium
2361 4303 2464 4362 est,
2488 4316 2597 4368 γεν-

271 4389 424 4456 νητὸν
445 4403 570 4442 vero
590 4392 811 4457 yenit-m·
834 4393 939 4451 est,
962 4384 1102 4456 quod
1122 4385 1232 4439 filio
1256 4383 1509 4440 catholica
1532 4385 1718 4438 veritas
1742 4384 1936 4438 tribuit.

408 4473 474 4529 R.
497 4491 596 4528 ιιι.
629 4472 746 4526 Τῶν
769 4469 1048 4543 Ὦριγένους
1072 4467 1356 4541 Ἐκιτομή.]
1401 4471 1498 4524 Hic
1519 4476 1600 4524 est
1618 4468 1912 4524 Methodius
1936 4467 2022 4521 ille
2047 4467 2253 4539 Olympi
2276 4467 2490 4537 Lyciae,
2511 4469 2599 4523 de-

270 4560 398 4615 ine·
416 4560 545 4629 Tyri
577 4560 879 4630 ephoepas,
914 4558 1005 4627 qui
1037 4557 1171 4611 inter
1204 4563 1410 4611 caetera
1440 4556 1504 4609 de
1523 4555 1919 4609 Resurrectione
1953 4559 2133 4607 contra
2153 4552 2434 4623 origenem
2467 4571 2597 4627 opus

271 4645 485 4718 scripsit
505 4644 784 4710 eximium,
818 4648 872 4697 et
901 4642 967 4696 sd
1000 4648 1292 4697 extremum
1314 4641 1629 4698 novissimae
1651 4639 2050 4711 persecutionis,
2082 4639 2221 4704 sive,
2253 4644 2317 4693 ut
2340 4640 2431 4694 alii
2458 4640 2598 4696 ὤι-
