<?xml version="1.0" encoding="UTF-8"?>
<!DOCTYPE html PUBLIC "-//W3C//DTD XHTML 1.0 Transitional//EN"
    "http://www.w3.org/TR/xhtml1/DTD/xhtml1-transitional.dtd">
<html xmlns="http://www.w3.org/1999/xhtml" xml:lang="en" lang="en">
 <head>
  <title>
</title>
<meta http-equiv="Content-Type" content="text/html;charset=utf-8" />
  <meta name='ocr-system' content='tesseract 3.04.00' />
  <meta name='ocr-capabilities' content='ocr_page ocr_carea ocr_par ocr_line ocrx_word'/>
</head>
<body>
  <div class='ocr_page' id='page_1' title='image "./corporishaerese06oehlgoog_0066.png"; bbox 0 0 3185 5219; ppageno 0'>
   <div class='ocr_carea' id='block_1_1' title="bbox 584 374 749 435">
    <p class='ocr_par' dir='ltr' id='par_1_1' title="bbox 584 374 749 435">
     <span class='ocr_line' id='line_1_1' title="bbox 584 374 749 435; baseline -0.012 0"><span class='ocrx_word' id='word_1_1' title='bbox 584 374 749 435; x_wconf 81' lang='lat' dir='ltr'><strong>Lvm</strong></span> 
     </span>
    </p>
   </div>
   <div class='ocr_carea' id='block_1_2' title="bbox 574 532 2921 3524">
    <p class='ocr_par' dir='ltr' id='par_1_2' title="bbox 583 532 2914 949">
     <span class='ocr_line' id='line_1_2' title="bbox 584 532 2912 608; baseline 0.001 -20"><span class='ocrx_word' id='word_1_2' title='bbox 584 534 641 588; x_wconf 88' lang='lat' dir='ltr'><strong>in</strong></span> <span class='ocrx_word' id='word_1_3' title='bbox 662 552 700 588; x_wconf 85' lang='lat'><strong>1.</strong></span> <span class='ocrx_word' id='word_1_4' title='bbox 717 532 832 591; x_wconf 75' lang='lat' dir='ltr'><strong>Par.</strong></span> <span class='ocrx_word' id='word_1_5' title='bbox 851 532 1245 591; x_wconf 51' lang='lat' dir='ltr'><strong>Iudaismum.</strong></span> <span class='ocrx_word' id='word_1_6' title='bbox 1295 534 1489 589; x_wconf 76' lang='lat' dir='ltr'><strong>Mirum</strong></span> <span class='ocrx_word' id='word_1_7' title='bbox 1523 540 1602 589; x_wconf 86' lang='lat' dir='ltr'><strong>est</strong></span> <span class='ocrx_word' id='word_1_8' title='bbox 1624 535 1786 606; x_wconf 79' lang='lat' dir='ltr'><strong>igitur</strong></span> <span class='ocrx_word' id='word_1_9' title='bbox 1806 535 1948 606; x_wconf 86' lang='lat' dir='ltr'><strong>quod</strong></span> <span class='ocrx_word' id='word_1_10' title='bbox 1965 536 2176 592; x_wconf 83' lang='lat' dir='ltr'><strong>Tertull.</strong></span> <span class='ocrx_word' id='word_1_11' title='bbox 2200 537 2289 590; x_wconf 89' lang='lat' dir='ltr'><strong>lib.</strong></span> <span class='ocrx_word' id='word_1_12' title='bbox 2313 552 2430 592; x_wconf 89' lang='lat' dir='ltr'><strong>con.</strong></span> <span class='ocrx_word' id='word_1_13' title='bbox 2454 536 2675 591; x_wconf 83' lang='lat' dir='ltr'><strong>Iudaeos</strong></span> <span class='ocrx_word' id='word_1_14' title='bbox 2707 552 2823 608; x_wconf 87' lang='lat' dir='ltr'><strong>cap.</strong></span> <span class='ocrx_word' id='word_1_15' title='bbox 2839 554 2912 593; x_wconf 80' lang='lat' dir='ltr'><strong>xv.</strong></span> 
     </span>
     <span class='ocr_line' id='line_1_3' title="bbox 583 618 2914 692; baseline 0.002 -19"><span class='ocrx_word' id='word_1_16' title='bbox 583 624 921 691; x_wconf 84' lang='lat' dir='ltr'><strong>praeceptum</strong></span> <span class='ocrx_word' id='word_1_17' title='bbox 953 618 1017 674; x_wconf 91' lang='lat' dir='ltr'><strong>de</strong></span> <span class='ocrx_word' id='word_1_18' title='bbox 1046 619 1383 674; x_wconf 81' lang='lat' dir='ltr'><strong>observando·</strong></span> <span class='ocrx_word' id='word_1_19' title='bbox 1400 620 1646 687; x_wconf 86' lang='lat' dir='ltr'><strong>sabbato,</strong></span> <span class='ocrx_word' id='word_1_20' title='bbox 1679 622 1818 692; x_wconf 88' lang='lat' dir='ltr'><strong>quod</strong></span> <span class='ocrx_word' id='word_1_21' title='bbox 1848 622 2014 677; x_wconf 81' lang='lat' dir='ltr'><strong>Exod.</strong></span> <span class='ocrx_word' id='word_1_22' title='bbox 2046 639 2135 675; x_wconf 90' lang='grc' dir='ltr'><strong>ιι.</strong></span> <span class='ocrx_word' id='word_1_23' title='bbox 2166 627 2220 675; x_wconf 87' lang='lat' dir='ltr'><strong>et</strong></span> <span class='ocrx_word' id='word_1_24' title='bbox 2249 622 2458 676; x_wconf 84' lang='lat' dir='ltr'><strong>Denter.</strong></span> <span class='ocrx_word' id='word_1_25' title='bbox 2478 641 2529 678; x_wconf 75' lang='lat' dir='ltr'><strong>v.</strong></span> <span class='ocrx_word' id='word_1_26' title='bbox 2555 624 2809 688; x_wconf 84' lang='lat' dir='ltr'><strong>sciscitur,</strong></span> <span class='ocrx_word' id='word_1_27' title='bbox 2838 624 2914 679; x_wconf 85' lang='lat' dir='ltr'><strong>ita</strong></span> 
     </span>
     <span class='ocr_line' id='line_1_4' title="bbox 585 706 2912 778; baseline 0.001 -19"><span class='ocrx_word' id='word_1_28' title='bbox 585 706 833 776; x_wconf 77' lang='lat' dir='ltr'><strong>concipit:</strong></span> <span class='ocrx_word' id='word_1_29' title='bbox 875 706 1120 759; x_wconf 71' lang='lat' dir='ltr'><strong>Memento</strong></span> <span class='ocrx_word' id='word_1_30' title='bbox 1144 708 1276 758; x_wconf 75' lang='lat' dir='ltr'><strong>diens</strong></span> <span class='ocrx_word' id='word_1_31' title='bbox 1296 706 1624 759; x_wconf 62' lang='lat' dir='ltr'><strong>sabbatorum</strong></span> <span class='ocrx_word' id='word_1_32' title='bbox 1645 711 1968 778; x_wconf 65' lang='lat' dir='ltr'><strong>sanctificari</strong></span> <span class='ocrx_word' id='word_1_33' title='bbox 1989 726 2112 761; x_wconf 76' lang='lat' dir='ltr'><strong>eum.</strong></span> <span class='ocrx_word' id='word_1_34' title='bbox 2170 706 2323 761; x_wconf 72' lang='lat' dir='ltr'><strong>Ome</strong></span> <span class='ocrx_word' id='word_1_35' title='bbox 2352 726 2476 777; x_wconf 78' lang='lat' dir='ltr'><strong>opus</strong></span> <span class='ocrx_word' id='word_1_36' title='bbox 2505 711 2689 761; x_wconf 75' lang='lat' dir='ltr'><strong>serm&#39;le</strong></span> <span class='ocrx_word' id='word_1_37' title='bbox 2711 711 2912 777; x_wconf 71' lang='lat' dir='ltr'><strong>nonsa-</strong></span> 
     </span>
     <span class='ocr_line' id='line_1_5' title="bbox 586 792 2914 864; baseline 0.003 -20"><span class='ocrx_word' id='word_1_38' title='bbox 586 795 731 845; x_wconf 71' lang='lat' dir='ltr'><strong>cien’s</strong></span> <span class='ocrx_word' id='word_1_39' title='bbox 751 794 808 843; x_wconf 78' lang='lat' dir='ltr'><strong>in</strong></span> <span class='ocrx_word' id='word_1_40' title='bbox 830 809 913 856; x_wconf 85' lang='lat' dir='ltr'><strong>eo,</strong></span> <span class='ocrx_word' id='word_1_41' title='bbox 935 800 1301 860; x_wconf 68' lang='lat' dir='ltr'><strong>praeterquam</strong></span> <span class='ocrx_word' id='word_1_42' title='bbox 1323 794 1455 861; x_wconf 78' lang='lat' dir='ltr'><strong>quod</strong></span> <span class='ocrx_word' id='word_1_43' title='bbox 1475 794 1551 845; x_wconf 81' lang='lat' dir='ltr'><strong>ad</strong></span> <span class='ocrx_word' id='word_1_44' title='bbox 1570 796 1796 847; x_wconf 73' lang='lat' dir='ltr'><strong>animan·</strong></span> <span class='ocrx_word' id='word_1_45' title='bbox 1809 798 2052 863; x_wconf 75' lang='lat' dir='ltr'><strong><em>pertinet,</em></strong></span> <span class='ocrx_word' id='word_1_46' title='bbox 2103 792 2206 846; x_wconf 88' lang='lat' dir='ltr'><strong>Sed</strong></span> <span class='ocrx_word' id='word_1_47' title='bbox 2229 794 2454 862; x_wconf 85' lang='lat' dir='ltr'><strong>primum</strong></span> <span class='ocrx_word' id='word_1_48' title='bbox 2475 793 2606 847; x_wconf 84' lang='lat' dir='ltr'><strong>illud</strong></span> <span class='ocrx_word' id='word_1_49' title='bbox 2628 794 2691 847; x_wconf 89' lang='lat' dir='ltr'><strong>de</strong></span> <span class='ocrx_word' id='word_1_50' title='bbox 2713 794 2914 864; x_wconf 65' lang='lat' dir='ltr'><strong>primae</strong></span> 
     </span>
     <span class='ocr_line' id='line_1_6' title="bbox 585 877 2731 949; baseline 0 -17"><span class='ocrx_word' id='word_1_51' title='bbox 585 877 689 932; x_wconf 86' lang='lat' dir='ltr'><strong>diei</strong></span> <span class='ocrx_word' id='word_1_52' title='bbox 710 878 1028 946; x_wconf 76' lang='lat' dir='ltr'><strong>Asymorum</strong></span> <span class='ocrx_word' id='word_1_53' title='bbox 1049 877 1407 932; x_wconf 80' lang='lat' dir='ltr'><strong>observatione</strong></span> <span class='ocrx_word' id='word_1_54' title='bbox 1429 894 1552 932; x_wconf 89' lang='lat' dir='ltr'><strong>cum</strong></span> <span class='ocrx_word' id='word_1_55' title='bbox 1574 879 1736 933; x_wconf 89' lang='lat' dir='ltr'><strong>altero</strong></span> <span class='ocrx_word' id='word_1_56' title='bbox 1761 878 1825 933; x_wconf 88' lang='lat' dir='ltr'><strong>de</strong></span> <span class='ocrx_word' id='word_1_57' title='bbox 1847 878 2066 933; x_wconf 81' lang='lat' dir='ltr'><strong>sabbato</strong></span> <span class='ocrx_word' id='word_1_58' title='bbox 2089 878 2389 949; x_wconf 52' lang='lat' dir='ltr'><strong>impudens</strong></span> <span class='ocrx_word' id='word_1_59' title='bbox 2412 878 2731 949; x_wconf 76' lang='lat' dir='ltr'>permiscuit.</span> 
     </span>
    </p>

    <p class='ocr_par' dir='ltr' id='par_1_3' title="bbox 581 959 2921 2062">
     <span class='ocr_line' id='line_1_7' title="bbox 721 959 2914 1033; baseline 0.002 -19"><span class='ocrx_word' id='word_1_60' title='bbox 721 959 833 1015; x_wconf 84' lang='grc' dir='ltr'><strong>Ἔτι</strong></span> <span class='ocrx_word' id='word_1_61' title='bbox 857 962 911 1015; x_wconf 73' lang='grc' dir='ltr'><strong>δὲ</strong></span> <span class='ocrx_word' id='word_1_62' title='bbox 932 960 1018 1029; x_wconf 77' lang='grc' dir='ltr'><strong>τὴν</strong></span> <span class='ocrx_word' id='word_1_63' title='bbox 1044 963 1156 1033; x_wconf 74' lang='grc' dir='ltr'>μίαν</span> <span class='ocrx_word' id='word_1_64' title='bbox 1181 962 1443 1033; x_wconf 64' lang='grc' dir='ltr'>νηστείαν]</span> <span class='ocrx_word' id='word_1_65' title='bbox 1490 963 1694 1019; x_wconf 89' lang='lat' dir='ltr'><strong>Ieiunia</strong></span> <span class='ocrx_word' id='word_1_66' title='bbox 1720 964 1776 1017; x_wconf 92' lang='lat' dir='ltr'><strong>in</strong></span> <span class='ocrx_word' id='word_1_67' title='bbox 1797 964 2153 1018; x_wconf 84' lang='lat' dir='ltr'><strong>Hebraeorum</strong></span> <span class='ocrx_word' id='word_1_68' title='bbox 2180 964 2474 1019; x_wconf 82' lang='lat' dir='ltr'><strong>calendario</strong></span> <span class='ocrx_word' id='word_1_69' title='bbox 2499 970 2748 1021; x_wconf 83' lang='lat' dir='ltr'><strong>notantur</strong></span> <span class='ocrx_word' id='word_1_70' title='bbox 2769 982 2914 1023; x_wconf 79' lang='lat' dir='ltr'><strong>xxvr.</strong></span> 
     </span>
     <span class='ocr_line' id='line_1_8' title="bbox 585 1048 2913 1121; baseline 0 -17"><span class='ocrx_word' id='word_1_71' title='bbox 585 1049 689 1104; x_wconf 85' lang='lat' dir='ltr'><strong>Sed</strong></span> <span class='ocrx_word' id='word_1_72' title='bbox 710 1066 881 1121; x_wconf 83' lang='lat' dir='ltr'><strong>neque</strong></span> <span class='ocrx_word' id='word_1_73' title='bbox 902 1048 1040 1105; x_wconf 78' lang='lat' dir='ltr'><strong>festa</strong></span> <span class='ocrx_word' id='word_1_74' title='bbox 1060 1065 1230 1120; x_wconf 84' lang='lat' dir='ltr'><strong>neque</strong></span> <span class='ocrx_word' id='word_1_75' title='bbox 1253 1049 1319 1102; x_wconf 90' lang='lat' dir='ltr'><strong>ab</strong></span> <span class='ocrx_word' id='word_1_76' title='bbox 1344 1064 1498 1119; x_wconf 86' lang='lat' dir='ltr'><strong>opere</strong></span> <span class='ocrx_word' id='word_1_77' title='bbox 1521 1065 1690 1104; x_wconf 78' lang='lat' dir='ltr'><strong>vacua</strong></span> <span class='ocrx_word' id='word_1_78' title='bbox 1712 1064 1772 1103; x_wconf 84' lang='lat' dir='ltr'><strong>ac</strong></span> <span class='ocrx_word' id='word_1_79' title='bbox 1794 1050 2016 1104; x_wconf 78' lang='lat' dir='ltr'><strong>sabbata</strong></span> <span class='ocrx_word' id='word_1_80' title='bbox 2036 1049 2275 1115; x_wconf 76' lang='lat' dir='ltr'><strong>fuerunt,</strong></span> <span class='ocrx_word' id='word_1_81' title='bbox 2308 1056 2514 1120; x_wconf 86' lang='lat' dir='ltr'><strong>praeter</strong></span> <span class='ocrx_word' id='word_1_82' title='bbox 2537 1067 2588 1106; x_wconf 88' lang='grc' dir='ltr'><strong>ι.</strong></span> <span class='ocrx_word' id='word_1_83' title='bbox 2614 1051 2778 1115; x_wconf 84' lang='lat' dir='ltr'><strong>Tisri,</strong></span> <span class='ocrx_word' id='word_1_84' title='bbox 2807 1066 2913 1120; x_wconf 86' lang='lat' dir='ltr'><strong>quo</strong></span> 
     </span>
     <span class='ocr_line' id='line_1_9' title="bbox 585 1135 2913 1234; baseline -0.001 -44"><span class='ocrx_word' id='word_1_85' title='bbox 585 1137 667 1190; x_wconf 89' lang='lat' dir='ltr'><strong>die</strong></span> <span class='ocrx_word' id='word_1_86' title='bbox 688 1135 884 1190; x_wconf 76' lang='lat' dir='ltr'><strong>festum</strong></span> <span class='ocrx_word' id='word_1_87' title='bbox 905 1138 1182 1234; x_wconf 57' lang='grc' dir='ltr'><strong>ΠἿἾἾΡΡ,</strong></span> <span class='ocrx_word' id='word_1_88' title='bbox 1205 1135 1316 1188; x_wconf 79' lang='lat' dir='ltr'><strong>sive</strong></span> <span class='ocrx_word' id='word_1_89' title='bbox 1334 1136 1677 1205; x_wconf 73' lang='lat' dir='ltr'><strong>expiationis,</strong></span> <span class='ocrx_word' id='word_1_90' title='bbox 1700 1135 2032 1206; x_wconf 85' lang='lat' dir='ltr'><strong>cumjejunio</strong></span> <span class='ocrx_word' id='word_1_91' title='bbox 2056 1135 2373 1189; x_wconf 85' lang='lat' dir='ltr'><strong>celebratum</strong></span> <span class='ocrx_word' id='word_1_92' title='bbox 2396 1141 2500 1200; x_wconf 87' lang='lat' dir='ltr'><strong>est,</strong></span> <span class='ocrx_word' id='word_1_93' title='bbox 2521 1135 2684 1189; x_wconf 82' lang='lat' dir='ltr'><strong>Levit.</strong></span> <span class='ocrx_word' id='word_1_94' title='bbox 2704 1154 2812 1200; x_wconf 74' lang='lat' dir='ltr'><strong>xvi,</strong></span> <span class='ocrx_word' id='word_1_95' title='bbox 2829 1136 2913 1189; x_wconf 85' lang='lat'><strong>31.</strong></span> 
     </span>
     <span class='ocr_line' id='line_1_10' title="bbox 582 1217 2917 1292; baseline -0 -17"><span class='ocrx_word' id='word_1_96' title='bbox 582 1222 753 1292; x_wconf 75' lang='lat' dir='ltr'><strong>Atque</strong></span> <span class='ocrx_word' id='word_1_97' title='bbox 775 1219 906 1274; x_wconf 86' lang='lat' dir='ltr'><strong>haee</strong></span> <span class='ocrx_word' id='word_1_98' title='bbox 927 1226 1009 1275; x_wconf 86' lang='lat' dir='ltr'><strong>est</strong></span> <span class='ocrx_word' id='word_1_99' title='bbox 1031 1217 1222 1291; x_wconf 74' lang='grc' dir='ltr'>μεγάλη</span> <span class='ocrx_word' id='word_1_100' title='bbox 1248 1220 1464 1287; x_wconf 79' lang='grc' dir='ltr'><strong>νηστεία,</strong></span> <span class='ocrx_word' id='word_1_101' title='bbox 1490 1237 1650 1292; x_wconf 86' lang='lat' dir='ltr'><strong>quam</strong></span> <span class='ocrx_word' id='word_1_102' title='bbox 1671 1221 1806 1275; x_wconf 88' lang='lat' dir='ltr'><strong>inter</strong></span> <span class='ocrx_word' id='word_1_103' title='bbox 1828 1221 2045 1275; x_wconf 85' lang='lat' dir='ltr'><strong>sabbata</strong></span> <span class='ocrx_word' id='word_1_104' title='bbox 2066 1221 2223 1275; x_wconf 79' lang='lat' dir='ltr'><strong>refert</strong></span> <span class='ocrx_word' id='word_1_105' title='bbox 2238 1219 2574 1291; x_wconf 76' lang='lat' dir='ltr'><strong>Epiphanius.</strong></span> <span class='ocrx_word' id='word_1_106' title='bbox 2620 1221 2756 1275; x_wconf 79' lang='lat' dir='ltr'><strong>Tum</strong></span> <span class='ocrx_word' id='word_1_107' title='bbox 2773 1222 2917 1275; x_wconf 89' lang='lat' dir='ltr'><strong>euim</strong></span> 
     </span>
     <span class='ocr_line' id='line_1_11' title="bbox 584 1304 2915 1377; baseline -0.001 -16"><span class='ocrx_word' id='word_1_108' title='bbox 584 1307 755 1377; x_wconf 84' lang='lat' dir='ltr'><strong>operis</strong></span> <span class='ocrx_word' id='word_1_109' title='bbox 777 1304 907 1359; x_wconf 84' lang='lat' dir='ltr'><strong>nihil</strong></span> <span class='ocrx_word' id='word_1_110' title='bbox 927 1306 1215 1374; x_wconf 80' lang='lat' dir='ltr'><strong>faciebant,</strong></span> <span class='ocrx_word' id='word_1_111' title='bbox 1238 1322 1372 1361; x_wconf 86' lang='lat' dir='ltr'><strong>com.</strong></span> <span class='ocrx_word' id='word_1_112' title='bbox 1396 1306 1478 1363; x_wconf 92' lang='grc'><strong>29.</strong></span> <span class='ocrx_word' id='word_1_113' title='bbox 1534 1307 1612 1360; x_wconf 91' lang='lat' dir='ltr'><strong>De</strong></span> <span class='ocrx_word' id='word_1_114' title='bbox 1634 1307 1836 1361; x_wconf 89' lang='lat' dir='ltr'><strong>minore</strong></span> <span class='ocrx_word' id='word_1_115' title='bbox 1857 1307 2051 1360; x_wconf 87' lang='lat' dir='ltr'><strong>ieiunio</strong></span> <span class='ocrx_word' id='word_1_116' title='bbox 2075 1305 2306 1361; x_wconf 83' lang='lat' dir='ltr'><strong>nondum</strong></span> <span class='ocrx_word' id='word_1_117' title='bbox 2329 1313 2522 1360; x_wconf 83' lang='lat' dir='ltr'><strong>certam</strong></span> <span class='ocrx_word' id='word_1_118' title='bbox 2544 1308 2804 1361; x_wconf 89' lang='lat' dir='ltr'><strong>rationem</strong></span> <span class='ocrx_word' id='word_1_119' title='bbox 2825 1323 2915 1359; x_wconf 85' lang='lat' dir='ltr'><strong>ex-</strong></span> 
     </span>
     <span class='ocr_line' id='line_1_12' title="bbox 582 1390 2916 1464; baseline 0.001 -19"><span class='ocrx_word' id='word_1_120' title='bbox 582 1391 760 1463; x_wconf 87' lang='lat' dir='ltr'><strong>pedire</strong></span> <span class='ocrx_word' id='word_1_121' title='bbox 779 1392 944 1462; x_wconf 86' lang='lat' dir='ltr'><strong>potui.</strong></span> <span class='ocrx_word' id='word_1_122' title='bbox 986 1391 1050 1445; x_wconf 90' lang='lat' dir='ltr'><strong>In</strong></span> <span class='ocrx_word' id='word_1_123' title='bbox 1071 1390 1368 1447; x_wconf 74' lang='lat' dir='ltr'><strong>kalendario</strong></span> <span class='ocrx_word' id='word_1_124' title='bbox 1391 1392 1771 1457; x_wconf 68' lang='lat' dir='ltr'>Hebraeorum,</span> <span class='ocrx_word' id='word_1_125' title='bbox 1795 1392 1935 1464; x_wconf 88' lang='lat' dir='ltr'><strong>quod</strong></span> <span class='ocrx_word' id='word_1_126' title='bbox 1958 1392 2206 1461; x_wconf 73' lang='lat' dir='ltr'><strong>Sigonius</strong></span> <span class='ocrx_word' id='word_1_127' title='bbox 2231 1408 2292 1445; x_wconf 80' lang='lat' dir='ltr'><strong>ac</strong></span> <span class='ocrx_word' id='word_1_128' title='bbox 2316 1390 2607 1447; x_wconf 84' lang='lat' dir='ltr'><strong>Torniellus</strong></span> <span class='ocrx_word' id='word_1_129' title='bbox 2630 1392 2916 1457; x_wconf 74' lang='lat' dir='ltr'><strong>ediderunt,</strong></span> 
     </span>
     <span class='ocr_line' id='line_1_13' title="bbox 584 1466 2919 1547; baseline -0 -15"><span class='ocrx_word' id='word_1_130' title='bbox 584 1477 667 1532; x_wconf 88' lang='lat' dir='ltr'><strong>die</strong></span> <span class='ocrx_word' id='word_1_131' title='bbox 689 1476 829 1532; x_wconf 81' lang='lat' dir='ltr'><strong>Adar</strong></span> <span class='ocrx_word' id='word_1_132' title='bbox 850 1495 960 1531; x_wconf 78' lang='lat' dir='ltr'><strong>xrv.</strong></span> <span class='ocrx_word' id='word_1_133' title='bbox 984 1477 1238 1531; x_wconf 86' lang='lat' dir='ltr'><strong>ieiunium</strong></span> <span class='ocrx_word' id='word_1_134' title='bbox 1258 1466 1446 1531; x_wconf 75' lang='lat' dir='ltr'><strong>Esthe&#39;r</strong></span> <span class='ocrx_word' id='word_1_135' title='bbox 1468 1494 1590 1533; x_wconf 89' lang='lat' dir='ltr'><strong>cum</strong></span> <span class='ocrx_word' id='word_1_136' title='bbox 1611 1476 1942 1533; x_wconf 75' lang='lat' dir='ltr'><strong>Mardochaei</strong></span> <span class='ocrx_word' id='word_1_137' title='bbox 1963 1477 2122 1542; x_wconf 79' lang='lat' dir='ltr'><strong>festo,</strong></span> <span class='ocrx_word' id='word_1_138' title='bbox 2155 1478 2296 1547; x_wconf 87' lang='lat' dir='ltr'><strong>quod</strong></span> <span class='ocrx_word' id='word_1_139' title='bbox 2316 1484 2428 1531; x_wconf 87' lang='lat' dir='ltr'><strong>erat</strong></span> <span class='ocrx_word' id='word_1_140' title='bbox 2448 1478 2660 1531; x_wconf 67' lang='lat' dir='ltr'><strong>Pharin·</strong></span> <span class='ocrx_word' id='word_1_141' title='bbox 2673 1517 2688 1543; x_wconf 92' lang='lat'><strong>,</strong></span> <span class='ocrx_word' id='word_1_142' title='bbox 2711 1476 2809 1530; x_wconf 88' lang='lat' dir='ltr'><strong>hoc</strong></span> <span class='ocrx_word' id='word_1_143' title='bbox 2833 1486 2919 1531; x_wconf 82' lang='lat' dir='ltr'><strong>est</strong></span> 
     </span>
     <span class='ocr_line' id='line_1_14' title="bbox 581 1562 2917 1633; baseline 0 -16"><span class='ocrx_word' id='word_1_144' title='bbox 581 1563 803 1617; x_wconf 66' lang='grc' dir='ltr'><strong>δονὲίυοιι</strong></span> <span class='ocrx_word' id='word_1_145' title='bbox 824 1562 1027 1627; x_wconf 79' lang='lat' dir='ltr'><strong>minus,</strong></span> <span class='ocrx_word' id='word_1_146' title='bbox 1049 1562 1243 1617; x_wconf 79' lang='lat' dir='ltr'><strong>incidit.</strong></span> <span class='ocrx_word' id='word_1_147' title='bbox 1298 1562 1447 1627; x_wconf 85' lang='lat' dir='ltr'><strong>Quod</strong></span> <span class='ocrx_word' id='word_1_148' title='bbox 1468 1562 1685 1633; x_wconf 83' lang='lat' dir='ltr'><strong>proinde</strong></span> <span class='ocrx_word' id='word_1_149' title='bbox 1706 1563 1959 1617; x_wconf 87' lang='lat' dir='ltr'><strong>ieiunium</strong></span> <span class='ocrx_word' id='word_1_150' title='bbox 1979 1564 2155 1617; x_wconf 90' lang='lat' dir='ltr'><strong>minus</strong></span> <span class='ocrx_word' id='word_1_151' title='bbox 2179 1563 2470 1617; x_wconf 85' lang='lat' dir='ltr'><strong>existimari</strong></span> <span class='ocrx_word' id='word_1_152' title='bbox 2489 1564 2672 1633; x_wconf 84' lang='lat' dir='ltr'><strong>possit.</strong></span> <span class='ocrx_word' id='word_1_153' title='bbox 2720 1564 2917 1617; x_wconf 86' lang='lat' dir='ltr'><strong>Verum</strong></span> 
     </span>
     <span class='ocr_line' id='line_1_15' title="bbox 583 1645 2917 1713; baseline -0.001 -10"><span class='ocrx_word' id='word_1_154' title='bbox 583 1648 1022 1703; x_wconf 75' lang='lat' dir='ltr'><strong>summovendum</strong></span> <span class='ocrx_word' id='word_1_155' title='bbox 1042 1645 1143 1701; x_wconf 85' lang='lat' dir='ltr'><strong>hoc</strong></span> <span class='ocrx_word' id='word_1_156' title='bbox 1164 1648 1417 1702; x_wconf 88' lang='lat' dir='ltr'><strong>ieiunium</strong></span> <span class='ocrx_word' id='word_1_157' title='bbox 1439 1649 1494 1701; x_wconf 89' lang='lat' dir='ltr'><strong>in</strong></span> <span class='ocrx_word' id='word_1_158' title='bbox 1518 1667 1634 1704; x_wconf 84' lang='lat' dir='ltr'><strong>xm.</strong></span> <span class='ocrx_word' id='word_1_159' title='bbox 1658 1650 1825 1713; x_wconf 82' lang='lat' dir='ltr'><strong>Adar,</strong></span> <span class='ocrx_word' id='word_1_160' title='bbox 1860 1654 1918 1702; x_wconf 87' lang='lat' dir='ltr'><strong>ut</strong></span> <span class='ocrx_word' id='word_1_161' title='bbox 1940 1664 1972 1700; x_wconf 87' lang='lat' dir='ltr'><strong>a</strong></span> <span class='ocrx_word' id='word_1_162' title='bbox 1992 1649 2262 1702; x_wconf 76' lang='lat' dir='ltr'><strong>Munstero</strong></span> <span class='ocrx_word' id='word_1_163' title='bbox 2286 1655 2338 1701; x_wconf 89' lang='lat' dir='ltr'><strong>et</strong></span> <span class='ocrx_word' id='word_1_164' title='bbox 2363 1647 2693 1703; x_wconf 81' lang='lat' dir='ltr'><strong>Genebrardo</strong></span> <span class='ocrx_word' id='word_1_165' title='bbox 2717 1648 2917 1701; x_wconf 64' lang='lat' dir='ltr'><strong>factam</strong></span> 
     </span>
     <span class='ocr_line' id='line_1_16' title="bbox 584 1732 2915 1805; baseline -0.001 -16"><span class='ocrx_word' id='word_1_166' title='bbox 584 1740 688 1799; x_wconf 87' lang='lat' dir='ltr'><strong>est,</strong></span> <span class='ocrx_word' id='word_1_167' title='bbox 722 1732 864 1803; x_wconf 89' lang='lat' dir='ltr'><strong>quod</strong></span> <span class='ocrx_word' id='word_1_168' title='bbox 892 1740 947 1786; x_wconf 85' lang='lat' dir='ltr'><strong>et</strong></span> <span class='ocrx_word' id='word_1_169' title='bbox 975 1733 1262 1803; x_wconf 67' lang='lat' dir='ltr'><strong>scripturae</strong></span> <span class='ocrx_word' id='word_1_170' title='bbox 1292 1734 1570 1788; x_wconf 84' lang='lat' dir='ltr'><strong>autoritate</strong></span> <span class='ocrx_word' id='word_1_171' title='bbox 1604 1740 1824 1790; x_wconf 82' lang='lat' dir='ltr'><strong>constat.</strong></span> <span class='ocrx_word' id='word_1_172' title='bbox 1882 1733 2018 1787; x_wconf 88' lang='lat' dir='ltr'><strong>Nam</strong></span> <span class='ocrx_word' id='word_1_173' title='bbox 2040 1732 2224 1786; x_wconf 86' lang='lat' dir='ltr'><strong>Esther</strong></span> <span class='ocrx_word' id='word_1_174' title='bbox 2248 1750 2362 1805; x_wconf 80' lang='lat' dir='ltr'><strong>cap.</strong></span> <span class='ocrx_word' id='word_1_175' title='bbox 2385 1752 2466 1797; x_wconf 88' lang='grc' dir='ltr'><strong>ιι,</strong></span> <span class='ocrx_word' id='word_1_176' title='bbox 2503 1733 2585 1797; x_wconf 80' lang='grc'><strong>22,</strong></span> <span class='ocrx_word' id='word_1_177' title='bbox 2619 1752 2727 1787; x_wconf 80' lang='lat' dir='ltr'><strong>nv.</strong></span> <span class='ocrx_word' id='word_1_178' title='bbox 2751 1739 2806 1787; x_wconf 85' lang='lat' dir='ltr'><strong>et</strong></span> <span class='ocrx_word' id='word_1_179' title='bbox 2827 1751 2915 1787; x_wconf 75' lang='lat' dir='ltr'><strong>xv.</strong></span> 
     </span>
     <span class='ocr_line' id='line_1_17' title="bbox 583 1817 2917 1888; baseline -0.001 -15"><span class='ocrx_word' id='word_1_180' title='bbox 583 1821 781 1874; x_wconf 84' lang='lat' dir='ltr'><strong>mensis</strong></span> <span class='ocrx_word' id='word_1_181' title='bbox 804 1818 942 1873; x_wconf 85' lang='lat' dir='ltr'><strong>Adar</strong></span> <span class='ocrx_word' id='word_1_182' title='bbox 962 1819 1098 1873; x_wconf 85' lang='lat' dir='ltr'><strong>inter</strong></span> <span class='ocrx_word' id='word_1_183' title='bbox 1115 1817 1422 1875; x_wconf 87' lang='lat' dir='ltr'><strong>Indaeorum</strong></span> <span class='ocrx_word' id='word_1_184' title='bbox 1445 1819 1578 1873; x_wconf 78' lang='lat' dir='ltr'><strong>festa</strong></span> <span class='ocrx_word' id='word_1_185' title='bbox 1595 1820 1923 1883; x_wconf 76' lang='lat' dir='ltr'><strong>moiuntur,</strong></span> <span class='ocrx_word' id='word_1_186' title='bbox 1954 1818 2033 1872; x_wconf 86' lang='lat' dir='ltr'><strong>uti</strong></span> <span class='ocrx_word' id='word_1_187' title='bbox 2062 1818 2168 1872; x_wconf 89' lang='lat' dir='ltr'><strong>sint</strong></span> <span class='ocrx_word' id='word_1_188' title='bbox 2191 1821 2300 1872; x_wconf 76' lang='lat' dir='ltr'><strong>dies</strong></span> <span class='ocrx_word' id='word_1_189' title='bbox 2321 1821 2404 1873; x_wconf 75' lang='lat' dir='ltr'><strong>illi</strong></span> <span class='ocrx_word' id='word_1_190' title='bbox 2425 1820 2688 1888; x_wconf 76' lang='lat' dir='ltr'><strong>epularum</strong></span> <span class='ocrx_word' id='word_1_191' title='bbox 2713 1837 2778 1875; x_wconf 81' lang='lat' dir='ltr'><strong>ac</strong></span> <span class='ocrx_word' id='word_1_192' title='bbox 2807 1820 2917 1871; x_wconf 75' lang='lat' dir='ltr'><strong>lae-</strong></span> 
     </span>
     <span class='ocr_line' id='line_1_18' title="bbox 585 1904 2921 1975; baseline -0.001 -16"><span class='ocrx_word' id='word_1_193' title='bbox 585 1909 748 1961; x_wconf 71' lang='lat' dir='ltr'><strong>titiae.</strong></span> <span class='ocrx_word' id='word_1_194' title='bbox 796 1904 914 1959; x_wconf 89' lang='lat' dir='ltr'><strong>Nou</strong></span> <span class='ocrx_word' id='word_1_195' title='bbox 935 1905 1097 1974; x_wconf 81' lang='lat' dir='ltr'><strong>igitur</strong></span> <span class='ocrx_word' id='word_1_196' title='bbox 1120 1922 1226 1960; x_wconf 73' lang='lat' dir='ltr'><strong>xiv.</strong></span> <span class='ocrx_word' id='word_1_197' title='bbox 1250 1905 1331 1959; x_wconf 86' lang='lat' dir='ltr'><strong>die</strong></span> <span class='ocrx_word' id='word_1_198' title='bbox 1352 1905 1670 1959; x_wconf 84' lang='lat' dir='ltr'><strong>ieiunabant.</strong></span> <span class='ocrx_word' id='word_1_199' title='bbox 1717 1905 1888 1970; x_wconf 87' lang='lat' dir='ltr'><strong>Quare</strong></span> <span class='ocrx_word' id='word_1_200' title='bbox 1911 1904 1975 1957; x_wconf 90' lang='lat' dir='ltr'><strong>de</strong></span> <span class='ocrx_word' id='word_1_201' title='bbox 1996 1904 2198 1958; x_wconf 88' lang='lat' dir='ltr'><strong>minore</strong></span> <span class='ocrx_word' id='word_1_202' title='bbox 2219 1905 2309 1959; x_wconf 87' lang='lat' dir='ltr'><strong>illo</strong></span> <span class='ocrx_word' id='word_1_203' title='bbox 2330 1904 2549 1971; x_wconf 86' lang='lat' dir='ltr'><strong>ieiunio,</strong></span> <span class='ocrx_word' id='word_1_204' title='bbox 2571 1904 2712 1975; x_wconf 88' lang='lat' dir='ltr'><strong>quod</strong></span> <span class='ocrx_word' id='word_1_205' title='bbox 2735 1921 2844 1958; x_wconf 85' lang='lat' dir='ltr'><strong>una</strong></span> <span class='ocrx_word' id='word_1_206' title='bbox 2863 1911 2921 1957; x_wconf 79' lang='lat' dir='ltr'><strong>et</strong></span> 
     </span>
     <span class='ocr_line' id='line_1_19' title="bbox 582 1989 2197 2062; baseline -0.002 -15"><span class='ocrx_word' id='word_1_207' title='bbox 582 1992 777 2047; x_wconf 71' lang='lat' dir='ltr'><strong>testum</strong></span> <span class='ocrx_word' id='word_1_208' title='bbox 800 1990 910 2044; x_wconf 82' lang='lat' dir='ltr'><strong>sive</strong></span> <span class='ocrx_word' id='word_1_209' title='bbox 933 1991 1214 2045; x_wconf 80' lang='lat' dir='ltr'><strong>sabbatum</strong></span> <span class='ocrx_word' id='word_1_210' title='bbox 1235 1990 1331 2055; x_wconf 82' lang='lat' dir='ltr'><strong>sit,</strong></span> <span class='ocrx_word' id='word_1_211' title='bbox 1354 1992 1578 2062; x_wconf 88' lang='lat' dir='ltr'><strong>amplius</strong></span> <span class='ocrx_word' id='word_1_212' title='bbox 1603 1990 1956 2061; x_wconf 88' lang='lat' dir='ltr'><strong>quaerendum</strong></span> <span class='ocrx_word' id='word_1_213' title='bbox 1977 1989 2197 2044; x_wconf 76' lang='lat' dir='ltr'><strong>videtur.</strong></span> 
     </span>
    </p>

    <p class='ocr_par' dir='ltr' id='par_1_4' title="bbox 584 2073 2920 2491">
     <span class='ocr_line' id='line_1_20' title="bbox 720 2073 2920 2147; baseline -0 -18"><span class='ocrx_word' id='word_1_214' title='bbox 720 2074 867 2130; x_wconf 80' lang='grc' dir='ltr'><strong>Ἤτοι</strong></span> <span class='ocrx_word' id='word_1_215' title='bbox 889 2073 939 2129; x_wconf 70' lang='grc' dir='ltr'><strong>ἐν</strong></span> <span class='ocrx_word' id='word_1_216' title='bbox 963 2075 1163 2147; x_wconf 69' lang='grc' dir='ltr'>δευτέρᾳ</span> <span class='ocrx_word' id='word_1_217' title='bbox 1185 2074 1485 2145; x_wconf 66' lang='grc' dir='ltr'>σαββάτων]</span> <span class='ocrx_word' id='word_1_218' title='bbox 1531 2076 1660 2131; x_wconf 86' lang='lat' dir='ltr'><strong>Tres</strong></span> <span class='ocrx_word' id='word_1_219' title='bbox 1678 2076 1935 2129; x_wconf 85' lang='lat' dir='ltr'><strong>duntaxat</strong></span> <span class='ocrx_word' id='word_1_220' title='bbox 1949 2074 2286 2129; x_wconf 72' lang='lat' dir='ltr'><strong>hebdomadis</strong></span> <span class='ocrx_word' id='word_1_221' title='bbox 2301 2074 2458 2129; x_wconf 80' lang='lat' dir='ltr'><strong>ferias</strong></span> <span class='ocrx_word' id='word_1_222' title='bbox 2475 2076 2920 2141; x_wconf 77' lang='lat' dir='ltr'><strong>commemoravit,</strong></span> 
     </span>
     <span class='ocr_line' id='line_1_21' title="bbox 584 2160 2919 2232; baseline -0.002 -11"><span class='ocrx_word' id='word_1_223' title='bbox 584 2184 663 2231; x_wconf 75' lang='grc' dir='ltr'><strong>ιι..</strong></span> <span class='ocrx_word' id='word_1_224' title='bbox 684 2183 766 2221; x_wconf 85' lang='lat' dir='ltr'><strong>m.</strong></span> <span class='ocrx_word' id='word_1_225' title='bbox 788 2169 843 2217; x_wconf 87' lang='lat' dir='ltr'><strong>et</strong></span> <span class='ocrx_word' id='word_1_226' title='bbox 862 2183 934 2219; x_wconf 73' lang='grc' dir='ltr'><strong>ιν.</strong></span> <span class='ocrx_word' id='word_1_227' title='bbox 991 2162 1097 2217; x_wconf 82' lang='lat' dir='ltr'><strong>Sed</strong></span> <span class='ocrx_word' id='word_1_228' title='bbox 1120 2179 1227 2216; x_wconf 89' lang='lat' dir='ltr'><strong>una</strong></span> <span class='ocrx_word' id='word_1_229' title='bbox 1256 2163 1413 2216; x_wconf 86' lang='lat' dir='ltr'><strong>etiam</strong></span> <span class='ocrx_word' id='word_1_230' title='bbox 1446 2168 1680 2216; x_wconf 83' lang='lat' dir='ltr'><strong>caeteras</strong></span> <span class='ocrx_word' id='word_1_231' title='bbox 1713 2162 2070 2232; x_wconf 80' lang='grc' dir='ltr'>συνεκδοχικῶς</span> <span class='ocrx_word' id='word_1_232' title='bbox 2092 2162 2399 2232; x_wconf 85' lang='lat' dir='ltr'><strong>complexus</strong></span> <span class='ocrx_word' id='word_1_233' title='bbox 2422 2166 2518 2215; x_wconf 87' lang='lat' dir='ltr'><strong>est.</strong></span> <span class='ocrx_word' id='word_1_234' title='bbox 2571 2160 2754 2231; x_wconf 85' lang='lat' dir='ltr'><strong>Neque</strong></span> <span class='ocrx_word' id='word_1_235' title='bbox 2775 2162 2919 2216; x_wconf 86' lang='lat' dir='ltr'><strong>enim</strong></span> 
     </span>
     <span class='ocr_line' id='line_1_22' title="bbox 585 2246 2918 2306; baseline -0.002 0"><span class='ocrx_word' id='word_1_236' title='bbox 585 2257 669 2306; x_wconf 86' lang='lat' dir='ltr'><strong>est</strong></span> <span class='ocrx_word' id='word_1_237' title='bbox 695 2251 805 2305; x_wconf 87' lang='lat' dir='ltr'><strong>ulla</strong></span> <span class='ocrx_word' id='word_1_238' title='bbox 832 2250 965 2304; x_wconf 90' lang='lat' dir='ltr'><strong>ratio</strong></span> <span class='ocrx_word' id='word_1_239' title='bbox 997 2266 1090 2303; x_wconf 86' lang='lat' dir='ltr'><strong>cur</strong></span> <span class='ocrx_word' id='word_1_240' title='bbox 1120 2266 1155 2302; x_wconf 86' lang='lat' dir='ltr'><strong>a</strong></span> <span class='ocrx_word' id='word_1_241' title='bbox 1186 2249 1401 2305; x_wconf 85' lang='lat' dir='ltr'><strong>caeteris</strong></span> <span class='ocrx_word' id='word_1_242' title='bbox 1435 2264 1527 2303; x_wconf 86' lang='lat' dir='ltr'><strong>eae</strong></span> <span class='ocrx_word' id='word_1_243' title='bbox 1560 2248 1899 2303; x_wconf 67' lang='lat' dir='ltr'><strong>solennitates</strong></span> <span class='ocrx_word' id='word_1_244' title='bbox 1922 2252 2207 2301; x_wconf 85' lang='lat' dir='ltr'><strong>arceantur.</strong></span> <span class='ocrx_word' id='word_1_245' title='bbox 2260 2246 2396 2301; x_wconf 83' lang='lat' dir='ltr'><strong>Nam</strong></span> <span class='ocrx_word' id='word_1_246' title='bbox 2428 2252 2683 2303; x_wconf 86' lang='lat' dir='ltr'><strong>certorum</strong></span> <span class='ocrx_word' id='word_1_247' title='bbox 2715 2246 2918 2301; x_wconf 88' lang='lat' dir='ltr'><strong>dierum</strong></span> 
     </span>
     <span class='ocr_line' id='line_1_23' title="bbox 585 2331 2917 2408; baseline -0.001 -18"><span class='ocrx_word' id='word_1_248' title='bbox 585 2337 882 2408; x_wconf 81' lang='lat' dir='ltr'><strong>superstitio</strong></span> <span class='ocrx_word' id='word_1_249' title='bbox 903 2336 995 2388; x_wconf 87' lang='lat' dir='ltr'><strong>illa</strong></span> <span class='ocrx_word' id='word_1_250' title='bbox 1018 2351 1175 2405; x_wconf 85' lang='lat' dir='ltr'><strong>quam</strong></span> <span class='ocrx_word' id='word_1_251' title='bbox 1196 2334 1377 2389; x_wconf 90' lang='lat' dir='ltr'><strong>Iudaei</strong></span> <span class='ocrx_word' id='word_1_252' title='bbox 1397 2334 1706 2400; x_wconf 81' lang='lat' dir='ltr'><strong>observant,</strong></span> <span class='ocrx_word' id='word_1_253' title='bbox 1727 2339 1784 2389; x_wconf 83' lang='lat' dir='ltr'><strong>et</strong></span> <span class='ocrx_word' id='word_1_254' title='bbox 1801 2334 1859 2387; x_wconf 87' lang='lat' dir='ltr'><strong>in</strong></span> <span class='ocrx_word' id='word_1_255' title='bbox 1873 2333 1967 2387; x_wconf 87' lang='lat' dir='ltr'><strong>lad</strong></span> <span class='ocrx_word' id='word_1_256' title='bbox 1983 2333 2224 2389; x_wconf 84' lang='lat' dir='ltr'><strong>Bamban</strong></span> <span class='ocrx_word' id='word_1_257' title='bbox 2246 2334 2513 2403; x_wconf 80' lang='lat' dir='ltr'><strong>exposuit,</strong></span> <span class='ocrx_word' id='word_1_258' title='bbox 2534 2331 2666 2387; x_wconf 83' lang='lat' dir='ltr'><strong>nihil</strong></span> <span class='ocrx_word' id='word_1_259' title='bbox 2685 2332 2756 2387; x_wconf 87' lang='lat' dir='ltr'><strong>ad</strong></span> <span class='ocrx_word' id='word_1_260' title='bbox 2777 2331 2917 2387; x_wconf 86' lang='lat' dir='ltr'><strong>hunc</strong></span> 
     </span>
     <span class='ocr_line' id='line_1_24' title="bbox 585 2420 1693 2491; baseline -0.003 -14"><span class='ocrx_word' id='word_1_261' title='bbox 585 2423 761 2477; x_wconf 86' lang='lat' dir='ltr'><strong>locum</strong></span> <span class='ocrx_word' id='word_1_262' title='bbox 781 2421 923 2476; x_wconf 76' lang='lat' dir='ltr'><strong>facit.</strong></span> <span class='ocrx_word' id='word_1_263' title='bbox 980 2421 1058 2474; x_wconf 92' lang='lat' dir='ltr'><strong>De</strong></span> <span class='ocrx_word' id='word_1_264' title='bbox 1080 2436 1186 2491; x_wconf 85' lang='lat' dir='ltr'><strong>qua</strong></span> <span class='ocrx_word' id='word_1_265' title='bbox 1208 2422 1338 2473; x_wconf 85' lang='lat' dir='ltr'><strong>alias</strong></span> <span class='ocrx_word' id='word_1_266' title='bbox 1361 2420 1693 2474; x_wconf 81' lang='lat' dir='ltr'><strong>disseremus.</strong></span> 
     </span>
    </p>

    <p class='ocr_par' dir='ltr' id='par_1_5' title="bbox 574 2503 2921 2920">
     <span class='ocr_line' id='line_1_25' title="bbox 719 2503 2917 2576; baseline -0.002 -14"><span class='ocrx_word' id='word_1_267' title='bbox 719 2507 785 2564; x_wconf 87' lang='lat' dir='ltr'><strong>N.</strong></span> <span class='ocrx_word' id='word_1_268' title='bbox 809 2525 937 2563; x_wconf 88' lang='grc' dir='ltr'><strong>ιιι.</strong></span> <span class='ocrx_word' id='word_1_269' title='bbox 973 2504 1159 2559; x_wconf 73' lang='grc' dir='ltr'>Ὁπότε</span> <span class='ocrx_word' id='word_1_270' title='bbox 1182 2506 1263 2558; x_wconf 72' lang='grc' dir='ltr'><strong>καί</strong></span> <span class='ocrx_word' id='word_1_271' title='bbox 1298 2503 1343 2557; x_wconf 76' lang='grc' dir='ltr'><strong>οἳ</strong></span> <span class='ocrx_word' id='word_1_272' title='bbox 1367 2503 1762 2576; x_wconf 60' lang='grc' dir='ltr'>εἰδωλολάτραι]</span> <span class='ocrx_word' id='word_1_273' title='bbox 1813 2504 2024 2561; x_wconf 82' lang='lat' dir='ltr'><strong>Hieron.</strong></span> <span class='ocrx_word' id='word_1_274' title='bbox 2049 2504 2118 2559; x_wconf 88' lang='lat' dir='ltr'><strong>ad</strong></span> <span class='ocrx_word' id='word_1_275' title='bbox 2140 2521 2253 2576; x_wconf 85' lang='lat' dir='ltr'><strong>cap.</strong></span> <span class='ocrx_word' id='word_1_276' title='bbox 2275 2504 2486 2558; x_wconf 84' lang='lat' dir='ltr'><strong>Hieron.</strong></span> <span class='ocrx_word' id='word_1_277' title='bbox 2507 2523 2572 2558; x_wconf 76' lang='grc' dir='ltr'><strong>ιι</strong></span> <span class='ocrx_word' id='word_1_278' title='bbox 2617 2504 2917 2570; x_wconf 66' lang='lat' dir='ltr'><strong>Multarum,</strong></span> 
     </span>
     <span class='ocr_line' id='line_1_26' title="bbox 584 2591 2920 2666; baseline -0.003 -16"><span class='ocrx_word' id='word_1_279' title='bbox 584 2594 780 2666; x_wconf 81' lang='lat' dir='ltr'><strong>iuquit,</strong></span> <span class='ocrx_word' id='word_1_280' title='bbox 815 2611 876 2649; x_wconf 77' lang='lat' dir='ltr'><strong>ex</strong></span> <span class='ocrx_word' id='word_1_281' title='bbox 908 2594 1131 2664; x_wconf 73' lang='lat' dir='ltr'><strong>quadam</strong></span> <span class='ocrx_word' id='word_1_282' title='bbox 1154 2601 1315 2663; x_wconf 79' lang='lat' dir='ltr'><strong>parte</strong></span> <span class='ocrx_word' id='word_1_283' title='bbox 1341 2596 1586 2661; x_wconf 69' lang='lat' dir='ltr'><strong>qentt&#39;um,</strong></span> <span class='ocrx_word' id='word_1_284' title='bbox 1620 2602 1670 2647; x_wconf 78' lang='lat' dir='ltr'><strong>et</strong></span> <span class='ocrx_word' id='word_1_285' title='bbox 1699 2595 1916 2646; x_wconf 69' lang='lat' dir='ltr'><strong>maxime</strong></span> <span class='ocrx_word' id='word_1_286' title='bbox 1947 2608 2075 2661; x_wconf 77' lang='lat' dir='ltr'><strong>quae</strong></span> <span class='ocrx_word' id='word_1_287' title='bbox 2098 2592 2330 2645; x_wconf 78' lang='lat' dir='ltr'><strong>Iudaeae</strong></span> <span class='ocrx_word' id='word_1_288' title='bbox 2352 2591 2780 2661; x_wconf 72' lang='lat' dir='ltr'><strong>Palaestinasque</strong></span> <span class='ocrx_word' id='word_1_289' title='bbox 2801 2608 2920 2645; x_wconf 72' lang='lat' dir='ltr'><strong>con-</strong></span> 
     </span>
     <span class='ocr_line' id='line_1_27' title="bbox 574 2678 2919 2752; baseline -0.002 -18"><span class='ocrx_word' id='word_1_290' title='bbox 574 2684 708 2752; x_wconf 78' lang='lat' dir='ltr'><strong>fines</strong></span> <span class='ocrx_word' id='word_1_291' title='bbox 735 2690 877 2746; x_wconf 76' lang='lat' dir='ltr'><strong>suut,</strong></span> <span class='ocrx_word' id='word_1_292' title='bbox 903 2698 1057 2750; x_wconf 77' lang='lat' dir='ltr'><strong>nsque</strong></span> <span class='ocrx_word' id='word_1_293' title='bbox 1079 2679 1228 2734; x_wconf 70' lang='lat' dir='ltr'><strong>hodie</strong></span> <span class='ocrx_word' id='word_1_294' title='bbox 1240 2679 1426 2748; x_wconf 70' lang='lat' dir='ltr'><strong>populi</strong></span> <span class='ocrx_word' id='word_1_295' title='bbox 1447 2680 1896 2742; x_wconf 68' lang='lat' dir='ltr'><strong>circumciduntur,</strong></span> <span class='ocrx_word' id='word_1_296' title='bbox 1932 2687 1982 2731; x_wconf 72' lang='lat' dir='ltr'><strong>et</strong></span> <span class='ocrx_word' id='word_1_297' title='bbox 2003 2682 2292 2748; x_wconf 79' lang='lat' dir='ltr'><strong>praecipue</strong></span> <span class='ocrx_word' id='word_1_298' title='bbox 2313 2678 2562 2747; x_wconf 56' lang='lat' dir='ltr'><strong>Aegyptii</strong></span> <span class='ocrx_word' id='word_1_299' title='bbox 2592 2688 2640 2732; x_wconf 72' lang='lat' dir='ltr'><strong>et</strong></span> <span class='ocrx_word' id='word_1_300' title='bbox 2663 2678 2919 2742; x_wconf 67' lang='lat' dir='ltr'><strong>Idumaei,</strong></span> 
     </span>
     <span class='ocr_line' id='line_1_28' title="bbox 585 2762 2921 2833; baseline -0 -15"><span class='ocrx_word' id='word_1_301' title='bbox 585 2768 906 2820; x_wconf 66' lang='lat' dir='ltr'><strong>Ammonitas</strong></span> <span class='ocrx_word' id='word_1_302' title='bbox 928 2776 977 2818; x_wconf 79' lang='lat' dir='ltr'><strong>et</strong></span> <span class='ocrx_word' id='word_1_303' title='bbox 996 2765 1284 2828; x_wconf 76' lang='lat' dir='ltr'><strong>Moabitae,</strong></span> <span class='ocrx_word' id='word_1_304' title='bbox 1318 2775 1365 2818; x_wconf 75' lang='lat' dir='ltr'><strong>er</strong></span> <span class='ocrx_word' id='word_1_305' title='bbox 1386 2767 1546 2818; x_wconf 69' lang='grc' dir='ltr'><strong>οιιυηὶς</strong></span> <span class='ocrx_word' id='word_1_306' title='bbox 1566 2768 1709 2833; x_wconf 71' lang='lat' dir='ltr'><strong>reqio</strong></span> <span class='ocrx_word' id='word_1_307' title='bbox 1729 2764 2155 2820; x_wconf 69' lang='lat' dir='ltr'><strong>sarracenorum</strong></span> <span class='ocrx_word' id='word_1_308' title='bbox 2208 2762 2287 2817; x_wconf 90' lang='lat' dir='ltr'><strong>De</strong></span> <span class='ocrx_word' id='word_1_309' title='bbox 2307 2763 2580 2833; x_wconf 78' lang='lat' dir='ltr'><strong>Aegyptiis</strong></span> <span class='ocrx_word' id='word_1_310' title='bbox 2612 2763 2666 2815; x_wconf 90' lang='lat' dir='ltr'><strong>id</strong></span> <span class='ocrx_word' id='word_1_311' title='bbox 2695 2768 2921 2817; x_wconf 78' lang='lat' dir='ltr'><strong>testatur</strong></span> 
     </span>
     <span class='ocr_line' id='line_1_29' title="bbox 583 2850 1900 2920; baseline -0.003 -13"><span class='ocrx_word' id='word_1_312' title='bbox 583 2851 892 2909; x_wconf 82' lang='lat' dir='ltr'><strong>Herodotus.</strong></span> <span class='ocrx_word' id='word_1_313' title='bbox 925 2852 1167 2906; x_wconf 75' lang='lat' dir='ltr'><strong>Meminit</strong></span> <span class='ocrx_word' id='word_1_314' title='bbox 1188 2856 1242 2905; x_wconf 83' lang='lat' dir='ltr'><strong>et</strong></span> <span class='ocrx_word' id='word_1_315' title='bbox 1264 2850 1474 2920; x_wconf 81' lang='lat' dir='ltr'><strong>Origen.</strong></span> <span class='ocrx_word' id='word_1_316' title='bbox 1500 2868 1538 2904; x_wconf 92' lang='grc' dir='ltr'><strong>ι.</strong></span> <span class='ocrx_word' id='word_1_317' title='bbox 1561 2855 1743 2903; x_wconf 87' lang='lat' dir='ltr'><strong>contra</strong></span> <span class='ocrx_word' id='word_1_318' title='bbox 1766 2850 1900 2905; x_wconf 87' lang='lat' dir='ltr'><strong>Cels.</strong></span> 
     </span>
    </p>

    <p class='ocr_par' dir='ltr' id='par_1_6' title="bbox 586 2934 2918 3524">
     <span class='ocr_line' id='line_1_30' title="bbox 720 2934 2918 3010; baseline -0.002 -19"><span class='ocrx_word' id='word_1_319' title='bbox 720 2939 974 3010; x_wconf 80' lang='grc' dir='ltr'>Τρυγόνας</span> <span class='ocrx_word' id='word_1_320' title='bbox 999 2937 1056 2990; x_wconf 75' lang='grc' dir='ltr'><strong>δέ</strong></span> <span class='ocrx_word' id='word_1_321' title='bbox 1079 2955 1204 3007; x_wconf 80' lang='grc' dir='ltr'><strong>φημι</strong></span> <span class='ocrx_word' id='word_1_322' title='bbox 1226 2936 1308 2988; x_wconf 70' lang='grc' dir='ltr'><strong>καὶ</strong></span> <span class='ocrx_word' id='word_1_323' title='bbox 1332 2934 1631 3005; x_wconf 58' lang='grc' dir='ltr'>δρακαίναᾳ]</span> <span class='ocrx_word' id='word_1_324' title='bbox 1680 2936 1812 2990; x_wconf 86' lang='lat' dir='ltr'><strong>Plin.</strong></span> <span class='ocrx_word' id='word_1_325' title='bbox 1834 2936 1926 2990; x_wconf 86' lang='lat' dir='ltr'><strong>lib.</strong></span> <span class='ocrx_word' id='word_1_326' title='bbox 1945 2953 2025 2992; x_wconf 89' lang='grc' dir='ltr'><strong>ιι.</strong></span> <span class='ocrx_word' id='word_1_327' title='bbox 2058 2952 2174 3005; x_wconf 87' lang='lat' dir='ltr'><strong>cap.</strong></span> <span class='ocrx_word' id='word_1_328' title='bbox 2198 2952 2391 2990; x_wconf 70' lang='lat' dir='ltr'><strong>xm‘ur·</strong></span> <span class='ocrx_word' id='word_1_329' title='bbox 2428 2935 2602 3005; x_wconf 78' lang='lat' dir='ltr'><strong>Aeque</strong></span> <span class='ocrx_word' id='word_1_330' title='bbox 2617 2938 2918 3004; x_wconf 58' lang='lat' dir='ltr'><strong>pestiferum</strong></span> 
     </span>
     <span class='ocr_line' id='line_1_31' title="bbox 586 3021 2917 3093; baseline -0.002 -14"><span class='ocrx_word' id='word_1_331' title='bbox 586 3027 786 3079; x_wconf 62' lang='lat' dir='ltr'><strong>anina!</strong></span> <span class='ocrx_word' id='word_1_332' title='bbox 807 3041 1056 3087; x_wconf 72' lang='lat' dir='ltr'><strong>araneas,</strong></span> <span class='ocrx_word' id='word_1_333' title='bbox 1088 3027 1271 3093; x_wconf 67' lang='lat' dir='ltr'><strong>spinae</strong></span> <span class='ocrx_word' id='word_1_334' title='bbox 1300 3027 1357 3075; x_wconf 78' lang='lat' dir='ltr'><strong>in</strong></span> <span class='ocrx_word' id='word_1_335' title='bbox 1389 3024 1539 3075; x_wconf 75' lang='lat' dir='ltr'><strong>dorso</strong></span> <span class='ocrx_word' id='word_1_336' title='bbox 1568 3023 1746 3075; x_wconf 79' lang='lat' dir='ltr'><strong>aculeo</strong></span> <span class='ocrx_word' id='word_1_337' title='bbox 1769 3026 1963 3076; x_wconf 75' lang='lat' dir='ltr'><strong>noa-ius.</strong></span> <span class='ocrx_word' id='word_1_338' title='bbox 2013 3021 2118 3074; x_wconf 75' lang='lat' dir='ltr'><strong>Sed</strong></span> <span class='ocrx_word' id='word_1_339' title='bbox 2139 3023 2326 3074; x_wconf 73' lang='lat' dir='ltr'><strong>nauum</strong></span> <span class='ocrx_word' id='word_1_340' title='bbox 2346 3039 2556 3091; x_wconf 69' lang='lat' dir='ltr'><strong>usquam</strong></span> <span class='ocrx_word' id='word_1_341' title='bbox 2578 3022 2917 3074; x_wconf 68' lang='lat' dir='ltr'><strong>execrabilius</strong></span> 
     </span>
     <span class='ocr_line' id='line_1_32' title="bbox 586 3108 2917 3182; baseline -0.002 -18"><span class='ocrx_word' id='word_1_342' title='bbox 586 3131 737 3182; x_wconf 65' lang='lat' dir='ltr'><strong>quan</strong></span> <span class='ocrx_word' id='word_1_343' title='bbox 758 3113 943 3163; x_wconf 75' lang='lat' dir='ltr'><strong>radius</strong></span> <span class='ocrx_word' id='word_1_344' title='bbox 962 3126 1114 3178; x_wconf 74' lang='lat' dir='ltr'><strong>super</strong></span> <span class='ocrx_word' id='word_1_345' title='bbox 1138 3109 1360 3160; x_wconf 76' lang='lat' dir='ltr'><strong>caudam</strong></span> <span class='ocrx_word' id='word_1_346' title='bbox 1384 3111 1605 3159; x_wconf 76' lang='lat' dir='ltr'><strong>eminens</strong></span> <span class='ocrx_word' id='word_1_347' title='bbox 1635 3112 1882 3175; x_wconf 63' lang='lat' dir='ltr'><strong>trygona-3,</strong></span> <span class='ocrx_word' id='word_1_348' title='bbox 1913 3125 2064 3176; x_wconf 69' lang='lat' dir='ltr'><strong>quam</strong></span> <span class='ocrx_word' id='word_1_349' title='bbox 2096 3111 2257 3160; x_wconf 57' lang='lat' dir='ltr'><strong>nostri</strong></span> <span class='ocrx_word' id='word_1_350' title='bbox 2275 3108 2613 3160; x_wconf 69' lang='lat' dir='ltr'><strong>Paetinae-am</strong></span> <span class='ocrx_word' id='word_1_351' title='bbox 2637 3109 2917 3177; x_wconf 70' lang='lat' dir='ltr'><strong>appellant,</strong></span> 
     </span>
     <span class='ocr_line' id='line_1_33' title="bbox 587 3192 2917 3266; baseline -0.001 -17"><span class='ocrx_word' id='word_1_352' title='bbox 587 3196 938 3266; x_wconf 71' lang='lat' dir='ltr'><strong>quincunciali</strong></span> <span class='ocrx_word' id='word_1_353' title='bbox 956 3194 1322 3263; x_wconf 66' lang='lat' dir='ltr'><strong>naquasdine.</strong></span> <span class='ocrx_word' id='word_1_354' title='bbox 1362 3192 1613 3246; x_wconf 77' lang='lat' dir='ltr'><strong>Aelianus</strong></span> <span class='ocrx_word' id='word_1_355' title='bbox 1634 3193 1673 3248; x_wconf 90' lang='lat' dir='ltr'><strong>l.</strong></span> <span class='ocrx_word' id='word_1_356' title='bbox 1699 3210 1757 3247; x_wconf 87' lang='grc' dir='ltr'><strong>ιι.</strong></span> <span class='ocrx_word' id='word_1_357' title='bbox 1782 3192 1845 3246; x_wconf 90' lang='lat' dir='ltr'><strong>de</strong></span> <span class='ocrx_word' id='word_1_358' title='bbox 1866 3192 2040 3249; x_wconf 80' lang='lat' dir='ltr'><strong>Anim.</strong></span> <span class='ocrx_word' id='word_1_359' title='bbox 2065 3208 2178 3263; x_wconf 85' lang='lat' dir='ltr'><strong>cap.</strong></span> <span class='ocrx_word' id='word_1_360' title='bbox 2202 3209 2253 3245; x_wconf 84' lang='lat'><strong>1..</strong></span> <span class='ocrx_word' id='word_1_361' title='bbox 2275 3198 2560 3248; x_wconf 82' lang='lat' dir='ltr'><strong>venenatos</strong></span> <span class='ocrx_word' id='word_1_362' title='bbox 2582 3193 2753 3263; x_wconf 83' lang='lat' dir='ltr'><strong>pisces</strong></span> <span class='ocrx_word' id='word_1_363' title='bbox 2777 3209 2917 3247; x_wconf 84' lang='lat' dir='ltr'><strong>com·</strong></span> 
     </span>
     <span class='ocr_line' id='line_1_34' title="bbox 588 3276 2917 3349; baseline -0.001 -14"><span class='ocrx_word' id='word_1_364' title='bbox 588 3284 867 3345; x_wconf 83' lang='lat' dir='ltr'><strong>memorat,</strong></span> <span class='ocrx_word' id='word_1_365' title='bbox 891 3280 1134 3349; x_wconf 87' lang='lat' dir='ltr'><strong>gobium,</strong></span> <span class='ocrx_word' id='word_1_366' title='bbox 1158 3278 1462 3342; x_wconf 85' lang='lat' dir='ltr'><strong>draconem,</strong></span> <span class='ocrx_word' id='word_1_367' title='bbox 1495 3276 1852 3343; x_wconf 85' lang='lat' dir='ltr'><strong>hirundinem,</strong></span> <span class='ocrx_word' id='word_1_368' title='bbox 1887 3294 2107 3348; x_wconf 88' lang='lat' dir='ltr'><strong>quorum</strong></span> <span class='ocrx_word' id='word_1_369' title='bbox 2129 3285 2306 3332; x_wconf 85' lang='lat' dir='ltr'><strong>tamen</strong></span> <span class='ocrx_word' id='word_1_370' title='bbox 2328 3279 2468 3332; x_wconf 82' lang='lat' dir='ltr'><strong>virus</strong></span> <span class='ocrx_word' id='word_1_371' title='bbox 2490 3279 2706 3333; x_wconf 83' lang='lat' dir='ltr'><strong>minime</strong></span> <span class='ocrx_word' id='word_1_372' title='bbox 2727 3278 2917 3332; x_wconf 83' lang='lat' dir='ltr'><strong>lethale</strong></span> 
     </span>
     <span class='ocr_line' id='line_1_35' title="bbox 588 3362 2916 3436; baseline -0.001 -14"><span class='ocrx_word' id='word_1_373' title='bbox 588 3368 675 3423; x_wconf 84' lang='lat' dir='ltr'><strong>sit.</strong></span> <span class='ocrx_word' id='word_1_374' title='bbox 732 3367 803 3420; x_wconf 74' lang='lat' dir='ltr'><strong>At</strong></span> <span class='ocrx_word' id='word_1_375' title='bbox 834 3366 1133 3436; x_wconf 84' lang='lat' dir='ltr'><strong>pastinacae</strong></span> <span class='ocrx_word' id='word_1_376' title='bbox 1161 3363 1651 3435; x_wconf 87' lang='lat' dir='ltr'><strong>praesentissimum</strong></span> <span class='ocrx_word' id='word_1_377' title='bbox 1688 3379 1805 3417; x_wconf 84' lang='lat' dir='ltr'><strong>esse</strong></span> <span class='ocrx_word' id='word_1_378' title='bbox 1841 3362 2006 3416; x_wconf 86' lang='lat' dir='ltr'><strong>docet.</strong></span> <span class='ocrx_word' id='word_1_379' title='bbox 2064 3363 2142 3417; x_wconf 91' lang='lat' dir='ltr'><strong>De</strong></span> <span class='ocrx_word' id='word_1_380' title='bbox 2173 3364 2438 3418; x_wconf 86' lang='lat' dir='ltr'><strong>muraenis</strong></span> <span class='ocrx_word' id='word_1_381' title='bbox 2468 3364 2601 3419; x_wconf 76' lang='lat' dir='ltr'><strong>Plin.</strong></span> <span class='ocrx_word' id='word_1_382' title='bbox 2631 3365 2723 3420; x_wconf 85' lang='lat' dir='ltr'><strong>lib.</strong></span> <span class='ocrx_word' id='word_1_383' title='bbox 2749 3383 2916 3431; x_wconf 81' lang='grc' dir='ltr'><strong>ιιιιι,</strong></span> 
     </span>
     <span class='ocr_line' id='line_1_36' title="bbox 588 3452 2289 3524; baseline -0.002 -17"><span class='ocrx_word' id='word_1_384' title='bbox 588 3468 705 3524; x_wconf 81' lang='lat' dir='ltr'><strong>cap.</strong></span> <span class='ocrx_word' id='word_1_385' title='bbox 728 3471 810 3507; x_wconf 62' lang='grc' dir='ltr'><strong>ιιι</strong></span> <span class='ocrx_word' id='word_1_386' title='bbox 844 3452 1130 3504; x_wconf 71' lang='lat' dir='ltr'><strong>Muraenae</strong></span> <span class='ocrx_word' id='word_1_387' title='bbox 1151 3468 1343 3503; x_wconf 76' lang='lat' dir='ltr'><strong>morsus</strong></span> <span class='ocrx_word' id='word_1_388' title='bbox 1363 3453 1596 3521; x_wconf 67' lang='lat' dir='ltr'><strong>ipsarum</strong></span> <span class='ocrx_word' id='word_1_389' title='bbox 1621 3453 1811 3520; x_wconf 73' lang='lat' dir='ltr'><strong>capitis</strong></span> <span class='ocrx_word' id='word_1_390' title='bbox 1831 3453 2003 3503; x_wconf 77' lang='lat' dir='ltr'><strong>cinere</strong></span> <span class='ocrx_word' id='word_1_391' title='bbox 2023 3460 2289 3504; x_wconf 78' lang='lat' dir='ltr'><strong>sanantur.</strong></span> 
     </span>
    </p>
   </div>
   <div class='ocr_carea' id='block_1_3' title="bbox 847 3652 2657 3724">
    <p class='ocr_par' dir='ltr' id='par_1_7' title="bbox 847 3652 2657 3724">
     <span class='ocr_line' id='line_1_37' title="bbox 847 3652 2657 3724; baseline -0.002 -13"><span class='ocrx_word' id='word_1_392' title='bbox 847 3656 940 3711; x_wconf 82' lang='lat' dir='ltr'><strong>AD</strong></span> <span class='ocrx_word' id='word_1_393' title='bbox 973 3652 1323 3712; x_wconf 74' lang='lat' dir='ltr'><strong>RAERESIM</strong></span> <span class='ocrx_word' id='word_1_394' title='bbox 1354 3654 1585 3724; x_wconf 60' lang='lat' dir='ltr'><strong>xxxi,</strong></span> <span class='ocrx_word' id='word_1_395' title='bbox 1624 3654 1802 3722; x_wconf 76' lang='lat' dir='ltr'><strong>QUAE</strong></span> <span class='ocrx_word' id='word_1_396' title='bbox 1835 3655 1964 3711; x_wconf 86' lang='lat' dir='ltr'><strong>EST</strong></span> <span class='ocrx_word' id='word_1_397' title='bbox 1989 3654 2657 3711; x_wconf 81' lang='lat' dir='ltr'>VALENTINIANORUM.</span> 
     </span>
    </p>
   </div>
   <div class='ocr_carea' id='block_1_4' title="bbox 588 3794 2916 4725">
    <p class='ocr_par' dir='ltr' id='par_1_8' title="bbox 588 3794 2915 3954">
     <span class='ocr_line' id='line_1_38' title="bbox 722 3794 2915 3866; baseline -0 -17"><span class='ocrx_word' id='word_1_398' title='bbox 722 3795 801 3849; x_wconf 91' lang='lat' dir='ltr'><strong>De</strong></span> <span class='ocrx_word' id='word_1_399' title='bbox 808 3794 1290 3851; x_wconf 70' lang='lat' dir='ltr'><strong>Valentinianorum</strong></span> <span class='ocrx_word' id='word_1_400' title='bbox 1308 3795 1468 3865; x_wconf 81' lang='lat' dir='ltr'><strong>nugis</strong></span> <span class='ocrx_word' id='word_1_401' title='bbox 1482 3799 1689 3866; x_wconf 84' lang='lat' dir='ltr'><strong>praeter</strong></span> <span class='ocrx_word' id='word_1_402' title='bbox 1703 3794 1975 3849; x_wconf 88' lang='lat' dir='ltr'><strong>Irenaeum</strong></span> <span class='ocrx_word' id='word_1_403' title='bbox 1992 3795 2230 3865; x_wconf 86' lang='lat' dir='ltr'><strong>aliosque</strong></span> <span class='ocrx_word' id='word_1_404' title='bbox 2245 3800 2444 3850; x_wconf 78' lang='lat' dir='ltr'><strong>veteres</strong></span> <span class='ocrx_word' id='word_1_405' title='bbox 2461 3811 2530 3849; x_wconf 85' lang='lat' dir='ltr'><strong>ex</strong></span> <span class='ocrx_word' id='word_1_406' title='bbox 2543 3795 2915 3850; x_wconf 78' lang='lat' dir='ltr'><strong>recentioribus</strong></span> 
     </span>
     <span class='ocr_line' id='line_1_39' title="bbox 588 3880 1898 3954; baseline -0.002 -17"><span class='ocrx_word' id='word_1_407' title='bbox 588 3881 989 3954; x_wconf 77' lang='lat' dir='ltr'><strong>diligentissime</strong></span> <span class='ocrx_word' id='word_1_408' title='bbox 1012 3880 1293 3950; x_wconf 80' lang='lat' dir='ltr'><strong>disputavit</strong></span> <span class='ocrx_word' id='word_1_409' title='bbox 1311 3881 1571 3934; x_wconf 88' lang='lat' dir='ltr'><strong>Pamelius</strong></span> <span class='ocrx_word' id='word_1_410' title='bbox 1596 3881 1664 3934; x_wconf 87' lang='lat' dir='ltr'><strong>ad</strong></span> <span class='ocrx_word' id='word_1_411' title='bbox 1686 3881 1898 3935; x_wconf 82' lang='lat' dir='ltr'><strong>Tertull.</strong></span> 
     </span>
    </p>

    <p class='ocr_par' dir='ltr' id='par_1_9' title="bbox 589 3962 2915 4211">
     <span class='ocr_line' id='line_1_40' title="bbox 724 3962 2915 4038; baseline 0 -17"><span class='ocrx_word' id='word_1_412' title='bbox 724 3967 788 4021; x_wconf 89' lang='lat' dir='ltr'><strong>N.</strong></span> <span class='ocrx_word' id='word_1_413' title='bbox 810 3986 868 4021; x_wconf 74' lang='lat' dir='ltr'><strong>rr.</strong></span> <span class='ocrx_word' id='word_1_414' title='bbox 905 3962 1134 4035; x_wconf 82' lang='grc' dir='ltr'>Ἔφασαν</span> <span class='ocrx_word' id='word_1_415' title='bbox 1153 3963 1248 4037; x_wconf 72' lang='grc' dir='ltr'><strong>γὰρ</strong></span> <span class='ocrx_word' id='word_1_416' title='bbox 1268 3965 1417 4019; x_wconf 71' lang='grc' dir='ltr'>αὐτόν</span> <span class='ocrx_word' id='word_1_417' title='bbox 1436 3969 1595 4033; x_wconf 52' lang='lat' dir='ltr'><strong>rma]</strong></span> <span class='ocrx_word' id='word_1_418' title='bbox 1631 3965 1975 4020; x_wconf 85' lang='lat' dir='ltr'><strong>Phreboniteu</strong></span> <span class='ocrx_word' id='word_1_419' title='bbox 1999 3983 2217 4021; x_wconf 85' lang='lat' dir='ltr'><strong>nemum</strong></span> <span class='ocrx_word' id='word_1_420' title='bbox 2237 3973 2330 4021; x_wconf 84' lang='lat' dir='ltr'><strong>aut</strong></span> <span class='ocrx_word' id='word_1_421' title='bbox 2349 3967 2728 4037; x_wconf 79' lang='lat' dir='ltr'><strong>praefecturam</strong></span> <span class='ocrx_word' id='word_1_422' title='bbox 2747 3983 2915 4038; x_wconf 83' lang='lat' dir='ltr'><strong>neque</strong></span> 
     </span>
     <span class='ocr_line' id='line_1_41' title="bbox 589 4052 2915 4125; baseline -0 -17"><span class='ocrx_word' id='word_1_423' title='bbox 589 4053 728 4125; x_wconf 88' lang='lat' dir='ltr'><strong>apud</strong></span> <span class='ocrx_word' id='word_1_424' title='bbox 748 4053 1112 4107; x_wconf 68' lang='lat' dir='ltr'><strong>Ptolomaeum</strong></span> <span class='ocrx_word' id='word_1_425' title='bbox 1142 4068 1314 4123; x_wconf 85' lang='lat' dir='ltr'><strong>neque</strong></span> <span class='ocrx_word' id='word_1_426' title='bbox 1347 4052 1486 4122; x_wconf 87' lang='lat' dir='ltr'><strong>apud</strong></span> <span class='ocrx_word' id='word_1_427' title='bbox 1518 4052 1823 4122; x_wconf 82' lang='lat' dir='ltr'><strong>diligentem</strong></span> <span class='ocrx_word' id='word_1_428' title='bbox 1856 4069 2034 4106; x_wconf 79' lang='lat' dir='ltr'><strong>earum</strong></span> <span class='ocrx_word' id='word_1_429' title='bbox 2065 4068 2238 4107; x_wconf 88' lang='lat' dir='ltr'><strong>rerum</strong></span> <span class='ocrx_word' id='word_1_430' title='bbox 2262 4052 2515 4108; x_wconf 86' lang='lat' dir='ltr'><strong>Ortelium</strong></span> <span class='ocrx_word' id='word_1_431' title='bbox 2545 4054 2774 4124; x_wconf 86' lang='lat' dir='ltr'><strong>reperio,</strong></span> <span class='ocrx_word' id='word_1_432' title='bbox 2808 4053 2915 4119; x_wconf 86' lang='lat' dir='ltr'><strong>sed,</strong></span> 
     </span>
     <span class='ocr_line' id='line_1_42' title="bbox 589 4136 2224 4211; baseline -0.002 -17"><span class='ocrx_word' id='word_1_433' title='bbox 589 4141 681 4211; x_wconf 86' lang='lat' dir='ltr'><strong>qui</strong></span> <span class='ocrx_word' id='word_1_434' title='bbox 703 4140 956 4210; x_wconf 82' lang='lat' dir='ltr'><strong>vocabulo</strong></span> <span class='ocrx_word' id='word_1_435' title='bbox 978 4139 1279 4210; x_wconf 86' lang='lat' dir='ltr'><strong>proximus,</strong></span> <span class='ocrx_word' id='word_1_436' title='bbox 1301 4136 1692 4203; x_wconf 86' lang='lat' dir='ltr'><strong>Pharbaetiten,</strong></span> <span class='ocrx_word' id='word_1_437' title='bbox 1714 4137 1853 4192; x_wconf 85' lang='lat' dir='ltr'><strong>haud</strong></span> <span class='ocrx_word' id='word_1_438' title='bbox 1875 4139 2054 4208; x_wconf 86' lang='lat' dir='ltr'><strong>procul</strong></span> <span class='ocrx_word' id='word_1_439' title='bbox 2076 4139 2224 4191; x_wconf 84' lang='lat' dir='ltr'><strong>mari.</strong></span> 
     </span>
    </p>

    <p class='ocr_par' dir='ltr' id='par_1_10' title="bbox 590 4221 2916 4725">
     <span class='ocr_line' id='line_1_43' title="bbox 726 4221 2914 4297; baseline 0.001 -20"><span class='ocrx_word' id='word_1_440' title='bbox 726 4223 958 4297; x_wconf 47' lang='lat' dir='ltr'><strong>’Ap-{nom</strong></span> <span class='ocrx_word' id='word_1_441' title='bbox 994 4221 1229 4295; x_wconf 81' lang='grc' dir='ltr'><strong>Αὖραάν.]</strong></span> <span class='ocrx_word' id='word_1_442' title='bbox 1304 4222 1536 4276; x_wconf 78' lang='lat' dir='ltr'><strong>Barbara</strong></span> <span class='ocrx_word' id='word_1_443' title='bbox 1567 4221 1699 4277; x_wconf 85' lang='lat' dir='ltr'><strong>haec</strong></span> <span class='ocrx_word' id='word_1_444' title='bbox 1731 4229 1855 4277; x_wconf 82' lang='lat' dir='ltr'><strong>sunt</strong></span> <span class='ocrx_word' id='word_1_445' title='bbox 1884 4225 2122 4276; x_wconf 82' lang='lat' dir='ltr'><strong>Aeonum</strong></span> <span class='ocrx_word' id='word_1_446' title='bbox 2154 4223 2395 4289; x_wconf 89' lang='lat' dir='ltr'><strong>uomina,</strong></span> <span class='ocrx_word' id='word_1_447' title='bbox 2430 4223 2567 4278; x_wconf 90' lang='lat' dir='ltr'><strong>haud</strong></span> <span class='ocrx_word' id='word_1_448' title='bbox 2600 4227 2711 4280; x_wconf 91' lang='lat' dir='ltr'><strong>scio</strong></span> <span class='ocrx_word' id='word_1_449' title='bbox 2745 4242 2813 4279; x_wconf 87' lang='lat' dir='ltr'><strong>an</strong></span> <span class='ocrx_word' id='word_1_450' title='bbox 2848 4242 2914 4279; x_wconf 87' lang='lat' dir='ltr'><strong>ex</strong></span> 
     </span>
     <span class='ocr_line' id='line_1_44' title="bbox 590 4308 2915 4382; baseline 0 -17"><span class='ocrx_word' id='word_1_451' title='bbox 590 4312 970 4380; x_wconf 74' lang='lat' dir='ltr'><strong>Aegyptiorum</strong></span> <span class='ocrx_word' id='word_1_452' title='bbox 998 4311 1184 4381; x_wconf 80' lang='lat' dir='ltr'><strong>lingua</strong></span> <span class='ocrx_word' id='word_1_453' title='bbox 1211 4308 1468 4380; x_wconf 78' lang='lat' dir='ltr'><strong>prosecta,</strong></span> <span class='ocrx_word' id='word_1_454' title='bbox 1503 4324 1570 4361; x_wconf 86' lang='lat' dir='ltr'><strong>an</strong></span> <span class='ocrx_word' id='word_1_455' title='bbox 1603 4314 1797 4362; x_wconf 86' lang='lat' dir='ltr'><strong>temere</strong></span> <span class='ocrx_word' id='word_1_456' title='bbox 1827 4315 1986 4378; x_wconf 84' lang='lat' dir='ltr'><strong>atque</strong></span> <span class='ocrx_word' id='word_1_457' title='bbox 2018 4308 2084 4361; x_wconf 89' lang='lat' dir='ltr'><strong>ad</strong></span> <span class='ocrx_word' id='word_1_458' title='bbox 2115 4314 2366 4362; x_wconf 90' lang='lat' dir='ltr'><strong>terrorem</strong></span> <span class='ocrx_word' id='word_1_459' title='bbox 2402 4309 2642 4366; x_wconf 84' lang='lat' dir='ltr'><strong>conficta.</strong></span> <span class='ocrx_word' id='word_1_460' title='bbox 2709 4312 2915 4382; x_wconf 84' lang='lat' dir='ltr'><strong>Duplex</strong></span> 
     </span>
     <span class='ocr_line' id='line_1_45' title="bbox 591 4393 2916 4467; baseline 0 -18"><span class='ocrx_word' id='word_1_461' title='bbox 591 4395 780 4449; x_wconf 88' lang='lat' dir='ltr'><strong>horum</strong></span> <span class='ocrx_word' id='word_1_462' title='bbox 810 4398 969 4449; x_wconf 83' lang='lat' dir='ltr'><strong>series</strong></span> <span class='ocrx_word' id='word_1_463' title='bbox 1003 4401 1099 4451; x_wconf 87' lang='lat' dir='ltr'><strong>est.</strong></span> <span class='ocrx_word' id='word_1_464' title='bbox 1165 4396 1227 4449; x_wconf 88' lang='lat' dir='ltr'><strong>Iu</strong></span> <span class='ocrx_word' id='word_1_465' title='bbox 1257 4395 1427 4466; x_wconf 89' lang='lat' dir='ltr'><strong>priore</strong></span> <span class='ocrx_word' id='word_1_466' title='bbox 1461 4395 1609 4464; x_wconf 90' lang='lat' dir='ltr'><strong>paria</strong></span> <span class='ocrx_word' id='word_1_467' title='bbox 1639 4410 1700 4447; x_wconf 85' lang='lat' dir='ltr'><strong>ac</strong></span> <span class='ocrx_word' id='word_1_468' title='bbox 1733 4393 1962 4464; x_wconf 79' lang='grc' dir='ltr'>συζυγίας</span> <span class='ocrx_word' id='word_1_469' title='bbox 1993 4394 2266 4464; x_wconf 82' lang='lat' dir='ltr'><strong>copulasse</strong></span> <span class='ocrx_word' id='word_1_470' title='bbox 2296 4394 2515 4460; x_wconf 79' lang='lat' dir='ltr'><strong>videtur,</strong></span> <span class='ocrx_word' id='word_1_471' title='bbox 2545 4397 2602 4449; x_wconf 90' lang='lat' dir='ltr'><strong>in</strong></span> <span class='ocrx_word' id='word_1_472' title='bbox 2632 4399 2916 4467; x_wconf 87' lang='lat' dir='ltr'><strong>posteriore</strong></span> 
     </span>
     <span class='ocr_line' id='line_1_46' title="bbox 592 4477 2914 4553; baseline 0 -18"><span class='ocrx_word' id='word_1_473' title='bbox 592 4482 708 4535; x_wconf 89' lang='lat' dir='ltr'><strong>sine</strong></span> <span class='ocrx_word' id='word_1_474' title='bbox 739 4480 847 4534; x_wconf 82' lang='lat' dir='ltr'><strong>ulla</strong></span> <span class='ocrx_word' id='word_1_475' title='bbox 880 4482 1070 4551; x_wconf 86' lang='lat' dir='ltr'><strong>copula</strong></span> <span class='ocrx_word' id='word_1_476' title='bbox 1098 4481 1405 4550; x_wconf 84' lang='lat' dir='ltr'><strong>singillatim</strong></span> <span class='ocrx_word' id='word_1_477' title='bbox 1436 4480 1809 4550; x_wconf 77' lang='lat' dir='ltr'><strong>per-censuisse.</strong></span> <span class='ocrx_word' id='word_1_478' title='bbox 1863 4477 2098 4547; x_wconf 87' lang='lat' dir='ltr'><strong>Cumque</strong></span> <span class='ocrx_word' id='word_1_479' title='bbox 2125 4481 2377 4533; x_wconf 86' lang='lat' dir='ltr'><strong>nonnulla</strong></span> <span class='ocrx_word' id='word_1_480' title='bbox 2410 4482 2480 4535; x_wconf 88' lang='lat' dir='ltr'><strong>sit</strong></span> <span class='ocrx_word' id='word_1_481' title='bbox 2510 4483 2785 4553; x_wconf 85' lang='lat' dir='ltr'><strong>utrobique</strong></span> <span class='ocrx_word' id='word_1_482' title='bbox 2807 4500 2914 4536; x_wconf 76' lang='lat' dir='ltr'><strong>car-</strong></span> 
     </span>
     <span class='ocr_line' id='line_1_47' title="bbox 592 4564 2914 4637; baseline 0.002 -16"><span class='ocrx_word' id='word_1_483' title='bbox 592 4573 766 4621; x_wconf 80' lang='lat' dir='ltr'><strong>torum</strong></span> <span class='ocrx_word' id='word_1_484' title='bbox 798 4567 1069 4621; x_wconf 86' lang='lat' dir='ltr'><strong>nominum</strong></span> <span class='ocrx_word' id='word_1_485' title='bbox 1099 4566 1413 4632; x_wconf 85' lang='lat' dir='ltr'><strong>differentia,</strong></span> <span class='ocrx_word' id='word_1_486' title='bbox 1448 4566 1790 4637; x_wconf 85' lang='lat' dir='ltr'><strong>posteriorem</strong></span> <span class='ocrx_word' id='word_1_487' title='bbox 1819 4564 1934 4617; x_wconf 89' lang='lat' dir='ltr'><strong>ideo</strong></span> <span class='ocrx_word' id='word_1_488' title='bbox 1958 4565 2210 4618; x_wconf 81' lang='lat' dir='ltr'><strong>veriorem</strong></span> <span class='ocrx_word' id='word_1_489' title='bbox 2242 4566 2462 4621; x_wconf 90' lang='lat' dir='ltr'><strong>arbitror</strong></span> <span class='ocrx_word' id='word_1_490' title='bbox 2493 4568 2633 4637; x_wconf 84' lang='lat' dir='ltr'><strong>quod</strong></span> <span class='ocrx_word' id='word_1_491' title='bbox 2655 4585 2766 4624; x_wconf 80' lang='lat' dir='ltr'><strong>xxx</strong></span> <span class='ocrx_word' id='word_1_492' title='bbox 2787 4569 2914 4624; x_wconf 84' lang='lat' dir='ltr'><strong>dun·</strong></span> 
     </span>
     <span class='ocr_line' id='line_1_48' title="bbox 593 4649 2571 4725; baseline -0.001 -15"><span class='ocrx_word' id='word_1_493' title='bbox 593 4656 743 4710; x_wconf 75' lang='lat' dir='ltr'><strong>taxat</strong></span> <span class='ocrx_word' id='word_1_494' title='bbox 772 4652 1053 4720; x_wconf 79' lang='lat' dir='ltr'><strong>vocabula,</strong></span> <span class='ocrx_word' id='word_1_495' title='bbox 1075 4658 1205 4725; x_wconf 80' lang='lat' dir='ltr'><strong>quot</strong></span> <span class='ocrx_word' id='word_1_496' title='bbox 1224 4652 1466 4708; x_wconf 81' lang='lat' dir='ltr'><strong>videlicet</strong></span> <span class='ocrx_word' id='word_1_497' title='bbox 1485 4652 1692 4707; x_wconf 75' lang='lat' dir='ltr'><strong>Aeones</strong></span> <span class='ocrx_word' id='word_1_498' title='bbox 1715 4657 1864 4716; x_wconf 87' lang='lat' dir='ltr'><strong>sunt,</strong></span> <span class='ocrx_word' id='word_1_499' title='bbox 1886 4649 2172 4716; x_wconf 84' lang='lat' dir='ltr'><strong>contineat,</strong></span> <span class='ocrx_word' id='word_1_500' title='bbox 2194 4651 2361 4707; x_wconf 82' lang='lat' dir='ltr'><strong>altera</strong></span> <span class='ocrx_word' id='word_1_501' title='bbox 2381 4667 2571 4708; x_wconf 82' lang='grc' dir='ltr'><strong>ιιιιιι.</strong></span> 
     </span>
    </p>
   </div>
  </div>
 </body>
</html>
