3185 5219
576 380 744 437 m

576 536 804 609 νομικοὺς
829 540 1095 607 &elinquit
1113 536 1210 589 ἀπὸ
1249 539 1349 590 τῶν
1380 535 1847 609 νομοδιδασκάλων,
1880 536 1981 590 τῶν
2003 537 2086 590 καὶ
2108 538 2457 609 γραμματέων.
2515 536 2733 592 Eosdem
2774 542 2901 591 enin

562 627 713 693 facie
727 622 1046 695 γραμματέως
1062 622 1605 694 οινομοδιδασκάλουςς
1634 625 1852 693 aquibus
1875 626 2142 692 distinqui!
2167 623 2279 686 τοὺς
2300 623 2547 694 νομικοὶις,
2580 642 2702 695 quos
2721 640 2899 677 accen·

574 718 653 762 set
669 709 990 765 Phamean.
1036 710 1161 762 Ideo
1190 718 1328 762 recte
1354 713 1454 773 ait,
1488 713 1700 776 συνῆσαν
1723 708 1819 780 γὰρ
1852 708 2018 771 αὐτοῖς
2043 709 2124 761 καὶ
2147 708 2192 762 οἳ
2215 709 2422 780 νομικοί.
2471 709 2691 774 Eodem,
2731 709 2902 779 inquit

577 796 687 848 loco
709 796 1037 848 censebantur
1056 794 1338 848 Phor-‘naen‘
1360 803 1411 846 ct
1429 795 1646 864 νομικοὶ,
1680 799 1768 864 qui
1788 800 2015 864 qumvis
2034 813 2184 847 unum
2206 812 2390 866 corpus
2412 793 2494 846 ml
2514 792 2684 864 ταγμᾶ
2716 796 2901 864 efficie-

577 880 724 946 bant,
766 891 933 934 tmen
964 890 1081 933 erat
1120 882 1394 934 discrimen
1425 883 1676 950 quoddam
1707 885 1842 933 inter
1872 878 2187 933 Pharisaeos
2217 879 2298 932 καὶ
2330 879 2444 940 τοὺς
2475 879 2731 950 νομικούςς
2772 881 2904 950 quod

574 970 797 1019 severim
824 970 1107 1019 inceium
1145 977 1274 1019 esser
1292 964 1696 1018 Pharisaeorum
1725 985 1874 1035 quam
1909 968 2009 1018 τῶν
2041 967 2272 1035 νομικῶν.
2319 966 2451 1020 Hinc
2475 965 2767 1019 Seri-arium
2805 965 2901 1019 im·

402 1071 445 1111 p.
462 1060 525 1101 ³³.
574 1051 791 1123 peritiae
813 1052 1014 1123 arguit,
1036 1051 1174 1123 quod
1192 1052 1269 1105 ita
1288 1052 1467 1105 vertitz
1506 1052 1628 1104 Gum
1649 1055 1779 1121 ipsis
1800 1055 1932 1103 enim
1953 1054 2107 1103 iidem
2131 1061 2283 1104 erant
2303 1060 2352 1103 et
2365 1052 2587 1117 Numici,
2611 1071 2698 1105 seu
2720 1052 2901 1121 Layin-

565 1142 744 1208 periti.
806 1136 911 1191 Sed
941 1136 1220 1208 Epiphanii
1253 1153 1467 1191 sensum
1498 1136 1726 1207 pessime
1757 1137 2123 1207 interpretatus
2163 1142 2246 1191 est
2285 1137 2536 1207 Scaliger.
2600 1138 2807 1192 Etenim
2841 1136 2899 1189 τὶ

575 1221 739 1284 αὐτοῖς
768 1239 878 1277 non
905 1223 1037 1277 alios
1061 1238 1221 1294 quam
1252 1223 1477 1287 scribas,
1509 1222 1620 1276 sive
1642 1220 2122 1291 νομοδιδασκάλους,
2158 1222 2444 1293 significat,
2478 1217 2550 1283 οἷς
2585 1226 2798 1291 συνῆσαν
2821 1222 2902 1275 καὶ

573 1306 619 1360 οἱ
648 1308 856 1380 νομικοί.
906 1308 1041 1373 Quia
1067 1308 1280 1380 saepius
1304 1308 1657 1379 evangelistae
1680 1307 1889 1361 Scribas
1922 1312 1976 1361 et
1997 1307 2242 1377 Νομικοὶις
2266 1309 2417 1378 quasi
2439 1308 2710 1363 distinctos
2733 1309 2901 1362 nomi·

570 1400 721 1460 nant,
751 1397 963 1449 tametsi
985 1412 1055 1450 ex
1079 1395 1261 1449 eodem
1302 1399 1478 1448 essent
1510 1393 1691 1447 ordine
1704 1432 1718 1458 ‚
1749 1393 1903 1463 idque
1925 1394 2011 1446 vel
2033 1391 2142 1445 κατ’
2166 1390 2449 1464 ἔπιξήγησιν
2462 1435 2477 1463 ,
2512 1395 2594 1447 vel
2616 1394 2741 1465 quia
2761 1393 2900 1447 Scri-

569 1480 757 1534 barum
779 1481 1071 1551 complures
1094 1486 1244 1534 erant
1265 1479 1458 1551 gradus
1482 1485 1535 1533 et
1558 1479 1759 1543 officia,
1792 1496 1928 1532 cum.
1943 1483 1998 1532 et
2027 1479 2265 1533 civilibus
2288 1479 2421 1532 forte
2455 1480 2806 1533 contractibus
2839 1494 2900 1532 ac

569 1567 993 1637 stipulationibus
1014 1571 1317 1637 praeessent
1336 1565 1520 1631 iidem,
1554 1571 1611 1619 et
1629 1565 1804 1634 legem
1835 1566 2321 1635 interpretarentur:
2343 1564 2541 1618 Idcirco
2564 1570 2798 1631 συνῆσαν,
2823 1565 2901 1618 in-

570 1653 707 1722 quit,
737 1655 842 1713 τοῖς
864 1656 1231 1723 γραμματεῦσιν
1254 1650 1301 1703 οἱ
1317 1649 1531 1720 νομικοὶ,
1564 1649 1665 1704 hoc
1688 1656 1769 1704 est
1790 1654 2047 1704 coniuncti
2067 1660 2241 1715 erant,
2265 1666 2428 1705 unum
2451 1647 2619 1721 τάγμα
2640 1658 2696 1704 et
2713 1667 2900 1721 corpus

568 1737 881 1792 efficiebant.
925 1740 975 1791 A
995 1755 1100 1808 quo
1122 1754 1231 1792 non
1252 1737 1533 1792 admodum
1550 1736 1795 1791 abhorret
1810 1735 2089 1791 Serrarius.
2134 1736 2272 1790 Nam
2287 1734 2657 1807 μιτσιληπτοιῶς
2673 1735 2900 1806 Epipha-

569 1824 687 1876 nius
718 1823 913 1877 indicat
943 1823 1154 1877 eosdem
1188 1840 1307 1877 cum
1340 1822 1536 1877 Scribis
1570 1839 1688 1877 esse
1729 1820 1842 1882 τοὺς
1877 1821 2131 1892 νομικοὺς,
2172 1822 2296 1875 licet
2323 1821 2531 1874 συνεῖναί
2560 1838 2649 1873 τινι
2682 1821 2900 1893 &proprie

567 1925 677 1962 non
700 1908 770 1961 sit
790 1908 927 1963 idem
952 1925 1069 1963 esse
1098 1926 1219 1963 cum
1248 1909 1442 1978 aliquo.
1486 1908 1758 1963 Postremo
1789 1923 2063 1978 perperam
2094 1905 2262 1968 αὐτοῖς
2292 1908 2360 1961 ad
2380 1906 2686 1961 Pharisaeos
2718 1907 2900 1961 referri

570 1993 757 2047 docent
783 2010 918 2065 quae
939 1994 1176 2065 proxime
1198 1994 1559 2050 subiiciuntur.
1625 1992 1783 2047 Ἀλλὰ
1806 1993 1888 2046 καὶ
1912 1991 2045 2063 παρὰ
2066 1993 2287 2063 τούτους,
2305 1998 2416 2047 tam
2432 1993 2677 2063 Νομικοὺς
2700 1993 2901 2048 scilicet

569 2096 727 2150 quam
750 2080 1089 2151 Γραμματέας.

703 2163 850 2233 Ἀηὸἥ
874 2182 926 2218 τε
948 2165 1083 2236 ῥύσιν
1107 2165 1338 2237 σώματος
1362 2163 1799 2236 ἆπεργαζομένην.]
1836 2164 2179 2219 Scribendum
2194 2165 2508 2235 pronunciat
2523 2164 2758 2236 Scaliger
2773 2163 2897 2232 ἀήθη

568 2247 775 2321 ἔκκρισιν
800 2252 1078 2322 σπέρματος
1102 2251 1527 2323 ἀπεργαζομένων.
1573 2252 1764 2305 Audax
1788 2251 1945 2304 nimis
1969 2250 2286 2315 emendatio,
2317 2251 2636 2321 minimeque
2657 2266 2899 2305 necessa·

566 2337 662 2392 ria.
709 2336 847 2392 Nam
880 2337 1276 2408 ἀπεργαζομένην
1307 2338 1540 2408 passive,
1581 2343 1644 2391 ut
1674 2337 1801 2391 alibi
1834 2353 2014 2407 saepe,
2046 2335 2145 2391 hoc
2177 2338 2294 2391 loco
2328 2337 2564 2408 sumpsit.
2629 2336 2726 2390 Est
2757 2337 2898 2393 enim

569 2423 799 2477 Graecae
829 2424 1156 2493 proprietatis
1189 2440 1375 2494 parum
1395 2423 1594 2494 alioqui
1624 2422 1847 2491 diligens
1869 2422 2216 2493 Epiphanius,
2239 2428 2300 2476 ut
2328 2428 2382 2475 et
2401 2422 2614 2477 Photius
2640 2423 2896 2479 observat.

568 2508 717 2573 Quod
747 2509 793 2562 si
825 2510 1247 2564 commutationis
1271 2507 1508 2562 nonnihil
1540 2524 1672 2579 opus
1703 2508 1964 2572 videatur,
2005 2524 2106 2577 ego
2141 2509 2217 2561 ita
2246 2508 2558 2579 concipiam:
2606 2505 2731 2575 ἀηδῆ
2762 2507 2896 2578 ῥύσιν

567 2596 799 2668 σώματος
838 2593 1263 2667 ἀπεργαζομένων.
1310 2593 1561 2665 Intelligit
1596 2599 1777 2649 autem
1815 2598 1967 2686 ἿἾΡ,
2006 2594 2116 2648 sive
2156 2590 2522 2664 ἐξονειρωγμόν.
2592 2593 2761 2666 Super
2800 2592 2898 2649 hac

565 2680 772 2752 ἐπικρίσει
794 2687 943 2736 extat
961 2680 1233 2736 Athanasii
1254 2681 1474 2752 epistola
1495 2680 1560 2734 ad
1578 2681 1827 2734 Animum
1849 2679 2189 2734 monachum:
2215 2681 2308 2750 qui
2329 2681 2665 2751 quantumvis
2688 2687 2895 2752 praeter

563 2768 884 2822 voluntatem
906 2766 1189 2833 accideret,
1213 2772 1391 2821 utrum
1411 2766 1567 2837 culpa
1589 2771 1787 2820 careret
1808 2764 2219 2820 addubitaverat,

698 2850 987 2920 Ἔνήστευον
1011 2852 1065 2908 δὲ
1088 2852 1199 2920 δὶς]
1256 2852 1551 2908 Secundam
1573 2858 1628 2905 et
1649 2853 1887 2923 quintam
1907 2851 2094 2905 feriam
2116 2851 2530 2923 Theophylactus
2553 2869 2719 2924 aeque
2739 2858 2895 2923 atque

563 2938 883 3010 Epiphanius
914 2939 1156 3005 adnotat,
1196 2945 1252 2994 et
1269 2939 1626 2994 Hebraeorum
1645 2938 1764 2994 libri
1785 2937 1943 2992 fidem
1965 2936 2179 2993 faciunt.
2226 2937 2297 2991 Ut
2327 2954 2392 2992 ea
2412 2938 2477 2994 de
2505 2955 2562 2993 re
2590 2940 2672 2993 vir
2708 2939 2892 2994 dectus

562 3026 756 3084 frustra
774 3026 1102 3082 dubitaverit.

698 3108 1052 3164 Ἀπεδεκάτουν
1076 3108 1131 3164 δὲ
1153 3108 1239 3178 τὴν
1264 3107 1567 3181 δεκάτωσιν]
1602 3109 1877 3181 Proprium
1892 3108 1993 3165 hoc
2002 3110 2105 3165 fuit
2113 3109 2425 3176 Levitarum,
2450 3112 2541 3182 qui
2557 3111 2890 3177 decimarum,

565 3213 696 3266 quas
718 3197 943 3269 populus
964 3196 1263 3268 praestabat
1282 3195 1637 3250 sacerdotibus
1671 3196 1999 3263 eximebat,
2039 3196 2387 3250 Numerorum
2409 3214 2559 3251 xvm.
2592 3197 2752 3267 Atqui
2783 3214 2890 3252 uon

564 3298 745 3336 omnes
768 3280 1032 3336 Pharisaei
1064 3288 1212 3336 erant
1241 3281 1478 3346 Levitae,
1518 3281 1659 3353 quod
1691 3288 1870 3336 tamen
1899 3281 2251 3354 Epiphaniam
2289 3283 2518 3337 sensisse
2547 3300 2616 3338 ex
2645 3281 2746 3336 hoc
2775 3284 2890 3338 loco

562 3367 816 3437 suspicari
835 3368 1025 3439 aliquis
1050 3373 1240 3438 posset.
1287 3367 1433 3432 Quae
1455 3368 1599 3422 enim
1620 3369 1815 3438 alioqui
1835 3368 2170 3423 decumarum
2187 3373 2313 3423 sunt
2329 3368 2594 3435 decumae,
2617 3386 2736 3423 cum
2745 3383 2891 3440 prae-

562 3460 643 3507 ter
662 3452 949 3508 Leviticum
972 3453 1204 3508 ordinem
1227 3454 1471 3508 decumae
1493 3454 1669 3508 nullus
1694 3456 1985 3525 acceperit?
2017 3455 2255 3510 Primum
2288 3456 2521 3509 omnium
2552 3455 2619 3508 ab
2641 3455 2889 3508 Israelitis

562 3539 818 3609 primitiae
836 3540 901 3594 de
911 3540 1086 3611 spicis,
1111 3540 1227 3594 uvis
1237 3545 1290 3593 et
1307 3539 1436 3594 oleis
1453 3539 1820 3605 afferebantur,
1844 3546 1958 3595 tum
1981 3540 2045 3595 de
2061 3541 2303 3612 frugibus
2325 3541 2603 3595 elaboratis
2614 3539 2891 3605 Theruma,

563 3631 617 3678 et
646 3625 895 3681 decimae.
959 3625 1220 3680 Theruma
1250 3627 1308 3680 in
1346 3625 1467 3696 lege
1500 3625 1716 3680 definita
1747 3643 1856 3680 non
1889 3632 2015 3680 erat,
2072 3627 2177 3680 Sed
2199 3642 2233 3679 a
2251 3626 2519 3697 magistris
2540 3626 2890 3697 praescriptus

562 3711 747 3765 modus
772 3716 877 3778 est,
901 3717 961 3766 ut
981 3728 1048 3765 ne
1070 3712 1243 3765 minus
1267 3712 1602 3782 sexagesima
1622 3712 1949 3783 penderetur.
1999 3711 2168 3776 Quare
2193 3713 2285 3782 qui
2305 3713 2545 3766 liberales
2569 3716 2740 3777 erant,
2763 3728 2891 3783 qua·

560 3797 934 3868 dragesimam,
966 3798 1111 3868 parci
1139 3799 1554 3867 sexagesimam,
1592 3797 1756 3850 medii
1773 3799 1908 3851 inter
1929 3802 2180 3867 utrosque
2201 3798 2268 3851 ad
2289 3796 2385 3852 hos
2417 3803 2509 3851 aut
2529 3799 2648 3851 illes
2679 3798 2889 3851 accede-

561 3883 703 3936 bant.
748 3884 827 3936 De
850 3900 955 3953 qua
974 3900 1030 3936 re
1054 3888 1201 3938 extat
1215 3882 1420 3954 Iosephi
1437 3883 1693 3952 Scaligeri
1713 3884 2022 3954 opusculum
2041 3883 2175 3936 inter
2183 3882 2483 3938 Posthuma.
2529 3882 2606 3936 De
2629 3883 2694 3935 iis
2711 3883 2888 3953 itaque

560 3968 831 4022 Ther-umis
851 3969 1054 4023 fortean
1075 3969 1402 4040 accipiendus
1420 3967 1756 4040 Epiphaniae,
1781 3985 1904 4022 cum
1920 3966 2267 4038 τριακοντάδας
2291 3975 2346 4022 et
2365 3965 2751 4034 πεντηκοντάὸσις
2773 3985 2888 4039 per·

559 4055 757 4108 solutas
779 4071 813 4107 a
833 4053 1125 4109 Pharisaeis
1149 4071 1264 4109 esse
1286 4055 1481 4108 scribit.
1527 4053 1678 4118 Quod
1710 4055 1757 4106 si
1776 4071 1962 4108 verum
1996 4061 2097 4119 est,
2132 4054 2346 4124 egregia
2377 4055 2585 4109 illerum
2605 4054 2888 4108 liberalitas

559 4140 748 4204 extitit,
768 4145 949 4210 utpote
974 4142 1063 4210 qui
1083 4141 1415 4212 praefinitum
1435 4156 1469 4193 a
1484 4139 1752 4208 magistris
1769 4140 2050 4192 terminum
2061 4141 2161 4191 τῶν
2185 4143 2591 4208 τεσσαρακοστῶν
2614 4157 2887 4210 superave-

558 4226 677 4278 rint.
722 4226 844 4280 Tria
870 4241 1025 4296 porro
1050 4226 1385 4280 decumarum
1416 4225 1557 4295 apud
1578 4225 1842 4278 Hebraeos
1865 4240 2060 4294 genera
2091 4231 2295 4295 praeter
2316 4223 2603 4278 Therumas
2636 4233 2689 4278 et
2710 4228 2886 4296 primi·

557 4312 658 4364 tias
681 4311 842 4364 fuere.
903 4310 1079 4364 Prima
1108 4313 1200 4364 ills.
1227 4311 1328 4364 fuit
1356 4326 1516 4380 quam
1537 4308 1799 4364 Leviticae
1829 4310 1988 4363 tribui
2022 4311 2299 4380 quotannis
2333 4312 2678 4381 pensitabant.
2727 4311 2882 4367 Num.

558 4414 724 4462 xvm„
747 4397 830 4451 20.
853 4403 906 4450 et
928 4396 1190 4468 deinceps.
1244 4396 1444 4461 Altera,
1476 4412 1638 4466 quam
1660 4396 1884 4466 singulis
1908 4396 2060 4449 annis
2083 4413 2243 4467 penes
2277 4413 2336 4450 se
2371 4398 2590 4468 quisque
2612 4398 2884 4462 retinebat,

556 4488 617 4536 ut
636 4483 734 4547 ibi,
758 4482 849 4536 ubi
870 4484 1223 4538 sanctuarium
1245 4488 1380 4547 erat,
1401 4483 1496 4536 illa
1515 4488 1832 4547 vesceretur,
1855 4480 2099 4537 adhibitis
2122 4482 2189 4536 ad
2211 4484 2506 4538 convivium
2522 4484 2715 4537 Levitis
2731 4483 2885 4538 Deut.

556 4586 662 4622 xrv.
719 4568 896 4621 Tertia
917 4565 1151 4633 demum,
1185 4584 1343 4637 quam
1374 4568 1526 4623 tertio
1558 4583 1768 4639 quoque
1799 4584 1938 4622 anno
1970 4569 2026 4624 in
2047 4568 2256 4624 Levites
2278 4576 2332 4624 et
2351 4570 2577 4641 pupillos
2599 4569 2884 4640 viduasque

556 4653 960 4719 distribuebant3
982 4653 1096 4707 eod.
1118 4653 1270 4710 Deut.
1295 4670 1409 4724 cap.
