3185 5219
2365 397 2591 457 oxxn

270 545 626 618 praedicasse,
653 565 764 603 non
785 553 991 603 tamtum
1012 565 1145 615 une,
1175 548 1493 606 validissime
1514 549 1858 618 demonstrat,
1891 569 2010 610 cum
2041 553 2250 610 iuterim
2281 559 2459 610 tamen
2477 557 2591 627 ipss

270 631 426 703 longe
447 633 605 704 plura
624 642 749 705 post
769 634 1089 706 baptismum
1108 636 1437 706 praeteriisse
1458 638 1599 691 velit.
1657 636 1806 701 Quod
1838 638 1966 692 adeo
1995 640 2221 693 rationes
2252 642 2372 695 illae
2400 644 2590 713 quibus

272 723 451 772 centn
475 717 756 774 Gnosticos
785 721 950 775 utitur
979 720 1253 776 mmifeste
1282 723 1522 792 probant.
1591 722 1854 777 Christum
1882 725 2021 777 enim
2053 741 2116 777 ea
2145 731 2314 780 aetate
2336 727 2590 795 docuisse,

272 819 375 874 qua
392 805 650 875 magister
671 805 923 878 appellari
943 808 1126 861 merito
1159 814 1361 878 posset,
1392 807 1489 862 hoc
1524 814 1606 862 est
1633 809 1865 881 perfecta
1886 815 1939 863 et
1959 810 2120 875 virili,
2149 812 2355 877 statuit,
2379 829 2538 883 quam
2559 831 2592 868 a

271 906 336 942 ιι.
361 889 430 943 ad
450 907 487 944 r.
510 906 681 945 annos
701 892 960 957 extendit,
994 909 1097 964 quo
1124 894 1394 948 intervallo
1425 893 1752 965 praedicasse
1783 910 1844 949 ac
1879 895 2087 949 demum
2117 912 2333 968 passum
2363 914 2478 952 esse
2501 899 2591 953 do·

269 975 474 1029 minum
513 976 806 1048 existimat,
849 978 1007 1049 idque
1045 980 1284 1050 sequenti
1322 981 1491 1050 capite
1528 979 1840 1034 Iudaeorum
1878 997 1946 1035 ex
1985 981 2088 1035 illis
2126 982 2297 1036 verbis
2343 985 2591 1038 ostendit:

274 1060 663 1132 Qus-quaginta
686 1081 847 1118 annos
868 1066 1081 1119 nondum
1104 1065 1276 1120 habes.
1348 1064 1697 1129 Quamobrem
1727 1067 1853 1120 lieet
1884 1082 2023 1121 anno
2047 1086 2171 1122 ιιι.
2193 1068 2404 1123 ineunte
2425 1070 2593 1141 bapti-

264 1152 449 1200 satum
469 1162 506 1200 a
525 1146 725 1203 Ioanne
743 1148 1007 1204 chrisum
1029 1167 1096 1204 ex
1117 1149 1263 1205 Luca
1284 1152 1523 1222 colligat,
1555 1168 1664 1206 non
1692 1158 1869 1206 tamen
1899 1153 2078 1207 statim
2109 1153 2176 1207 ad
2197 1153 2486 1208 docendum
2507 1171 2592 1209 ac·

271 1232 493 1287 cessisse
524 1233 686 1288 sentit
712 1234 974 1291 irenaeus.
1020 1236 1229 1308 Alioqui
1262 1242 1500 1292 constare
1520 1238 1634 1309 ipse
1655 1238 1760 1292 sibi
1779 1255 1886 1293 non
1906 1245 2092 1310 potest.
2136 1240 2482 1294 'fortunianus
2502 1242 2593 1294 ad-

270 1334 449 1374 voesus
472 1318 697 1375 Iudaeos
719 1336 834 1393 cap.
854 1340 966 1378 vm.
992 1320 1258 1376 Christum
1282 1321 1666 1393 decimoquinto
1688 1324 1883 1379 Tiberii
1903 1341 2041 1379 anno
2064 1342 2278 1396 passum
2299 1327 2591 1382 arbitratur.

272 1403 587 1477 Quanquam
605 1406 955 1477 Hieronymus
990 1407 1057 1461 ad
1091 1423 1203 1479 cap.
1220 1425 1294 1464 ιι.
1326 1407 1561 1463 Danielis
1590 1427 1764 1464 xxxm
1787 1427 1978 1477 annos,
2011 1428 2118 1465 non
2139 1430 2272 1477 ιιι,
2303 1429 2372 1466 ex
2393 1413 2593 1467 Ter-tu}-

268 1489 397 1544 liani
417 1492 683 1547 sententia
703 1491 907 1547 Christo
930 1493 1127 1549 tribuit.
1172 1493 1430 1550 Eusebius
1450 1495 1509 1549 in
1531 1494 1784 1550 Chronico
1809 1512 1927 1550 oum
1950 1498 2178 1552 natalem
2202 1496 2392 1551 Christi
2421 1499 2478 1551 in
2501 1514 2591 1552 an·

269 1592 397 1630 num
416 1577 649 1648 Augusti
669 1595 823 1643 xm„
846 1579 915 1633 ab
931 1579 1191 1633 Abraamo
1209 1597 1401 1647 mm,
1424 1581 1648 1646 reiiciat,
1670 1582 1970 1652 passionem
1990 1598 2114 1636 vero
2137 1583 2194 1637 in
2216 1602 2365 1640 xvxii.
2383 1584 2593 1648 Tiberii,

270 1661 337 1715 ab
358 1663 627 1718 Abraamo
647 1681 917 1731 mam,
949 1681 1117 1720 annos
1149 1672 1273 1737 post
1302 1668 1531 1721 natalem
1552 1684 1684 1722 xm
1715 1684 1836 1722 cum
1866 1668 2133 1723 mensibus
2165 1669 2367 1741 aliquot
2396 1670 2593 1725 vixisse

270 1749 479 1814 statuit3
510 1749 561 1802 si
590 1750 799 1821 quidem
830 1750 1060 1805 natalem
1081 1752 1255 1823 ipsum
1276 1752 1333 1806 in
1354 1751 1695 1807 Decembrem
1717 1753 1972 1819 conferat,
2006 1755 2089 1808 sin
2110 1771 2180 1809 ex
2202 1755 2591 1826 Aegyptiorum,

266 1849 401 1904 quos
423 1835 663 1906 sequitur
681 1833 1005 1906 Epiphanius
1018 1875 1033 1903 ,
1057 1836 1286 1904 decreto,
1308 1837 1536 1892 huusrii
1557 1857 1630 1894 vr.
1657 1839 1795 1893 diem
1817 1838 2010 1894 Christi
2027 1841 2287 1894 nativitati
2306 1837 2593 1911 praefiniat,

270 1935 375 1974 no
398 1920 652 1991 amplius,
679 1921 736 1974 id
767 1926 850 1976 est
868 1939 1042 1989 xxm,
1075 1938 1241 1977 annos
1272 1939 1391 1978 cum
1426 1925 1696 1979 mensibus
1717 1924 1882 1982 tribus
1906 1925 2073 1980 eidem
2093 1933 2213 1997 post
2234 1931 2404 1982 ortum
2423 1927 2592 1997 impu·

271 2005 416 2060 tabit.
461 2005 707 2077 Longum
739 2011 824 2061 est
854 2023 1155 2063 enumerare
1190 2015 1443 2076 caeteros,
1479 2011 1571 2081 qui
1591 2027 1751 2075 ιιιι,
1784 2018 1874 2064 aut
1893 2028 2073 2077 xxm,
2107 2016 2202 2066 aut
2232 2012 2298 2065 ad
2331 2029 2595 2067 summum

272 2108 446 2148 amn
465 2097 730 2164 arrogant
763 2091 866 2157 Qui
888 2099 1062 2148 autem
1085 2094 1303 2165 triginta
1325 2100 1547 2165 quatuor
1568 2096 1890 2166 assignaret,
1914 2103 2037 2151 ante
2057 2096 2258 2152 Bedam
2278 2097 2442 2152 fuisse
2465 2105 2592 2169 puto

271 2178 553 2233 neminem.
622 2176 725 2242 Qui
757 2195 824 2233 ne
856 2180 969 2250 ipse
1002 2179 1214 2250 quidem
1246 2198 1411 2237 xxxxv
1432 2181 1630 2235 vixisse
1663 2181 1873 2248 statuit,
1907 2182 2000 2237 sed
2022 2201 2174 2237 mn
2196 2184 2455 2237 duntaxat
2475 2199 2596 2238 cum

271 2264 437 2317 tribus
469 2263 753 2318 mendbus.
797 2263 935 2318 Nam
965 2282 1033 2319 ex
1066 2267 1168 2321 isto
1202 2282 1420 2320 numero
1451 2266 1651 2337 primus
1684 2267 1771 2321 ille
1791 2268 1932 2322 vitae
1963 2268 2225 2338 aetatique
2249 2268 2594 2324 detrahendus

273 2355 377 2415 est,
412 2365 519 2419 quo
550 2350 848 2420 invirginis
881 2356 1031 2404 utero*
1062 2350 1185 2417 fuit,
1218 2356 1280 2404 ut
1310 2352 1518 2424 saepius
1552 2352 1935 2412 admonuimus.
2000 2352 2113 2418 Quo
2145 2354 2320 2424 magis
2354 2355 2596 2410 admirari

270 2434 414 2489 soleo
446 2435 770 2505 persuasisse
803 2436 905 2489 sibi
932 2437 1212 2491 nonnullos
1242 2437 1716 2493 vetustissimorum
1747 2438 1985 2505 Petrum,
2016 2440 2124 2493 ime
2156 2440 2314 2493 totius
2345 2441 2595 2494 ecclesiae

272 2518 405 2574 bane
426 2536 545 2574 esse
564 2520 751 2586 fidem,
773 2519 1035 2576 Christum
1059 2524 1242 2576 aetatis
1264 2538 1463 2577 annum
1485 2532 1729 2593 quartum
1752 2533 1805 2579 et
1824 2525 2146 2579 tricesimum
2167 2526 2420 2596 attigisse.
2457 2526 2594 2580 Cedo

272 2606 354 2661 vel
375 2624 543 2661 unum
566 2623 635 2661 ex
666 2606 812 2661 omni
840 2607 1167 2679 antiquitatis
1199 2609 1473 2675 memoria,
1505 2611 1595 2680 qui
1626 2616 1719 2663 aut
1749 2612 1825 2664 ita
1855 2612 2104 2676 senserit,
2135 2617 2253 2677 aut,
2283 2613 2331 2666 si
2362 2612 2414 2665 id
2435 2613 2593 2666 verbo

272 2699 424 2747 tenus
444 2693 685 2747 iniecisse
702 2693 849 2747 visus
870 2699 976 2759 est,
1010 2710 1117 2748 non
1140 2710 1263 2748 eum
1283 2711 1481 2748 annum
1503 2711 1607 2765 quo
1630 2696 1686 2749 in
1708 2698 1889 2750 matris
1913 2702 2060 2750 utero
2084 2702 2320 2767 gestatus
2352 2704 2432 2749 est
2461 2698 2596 2751 inter

275 2794 441 2833 annos
458 2779 581 2833 illos
601 2780 902 2833 numerarit.
937 2780 1168 2834 Tantum
1186 2780 1351 2850 igitur
1370 2781 1519 2834 abest
1538 2786 1601 2833 ut
1620 2779 1749 2833 haec
1773 2782 2064 2835 communis
2087 2782 2155 2834 sit
2171 2781 2235 2834 de
2253 2800 2431 2836 xxxiv.
2455 2790 2594 2836 aeta-

275 2865 341 2918 tis
371 2879 511 2920 anno
546 2864 747 2935 opinio,
780 2870 842 2920 ut
870 2865 1168 2935 antiquitati
1198 2865 1343 2918 omni
1369 2881 1581 2935 prorsus
1616 2865 1848 2919 inaudita
1867 2866 2047 2931 fuerit,
2079 2867 2274 2936 vixque
2299 2868 2484 2938 paucis
2504 2870 2594 2922 ab·

273 2948 392 3004 hinc
422 2951 672 3017 saeculis,
705 2967 766 3004 eo
801 2951 917 3022 ipso
950 2950 1161 3022 quidem
1184 2967 1287 3021 quo
1310 2951 1472 3021 vulgo
1505 2950 1726 3005 traditur
1758 2968 1916 3006 sem
1948 2959 2002 3005 et
2029 2953 2472 3023 interpretatione,
2505 2953 2594 3006 ob·

527 3238 968 3296 EXPENDITUR
1007 3240 1616 3297 CHRONOLOGORUM
1651 3242 2078 3307 QUORUNDAM
2112 3242 2335 3300 OPINIO

328 3324 442 3391 QUI
476 3325 635 3381 xxn
664 3325 889 3380 ANNOS
924 3326 1147 3380 AERAE
1180 3326 1639 3382 DIONYSIANAE
1671 3328 1929 3384 DEESSE
1964 3328 2310 3385 SUSPICATI
2344 3328 2535 3388 SUNT.

405 3463 855 3529 Quemadmodum
886 3480 1027 3519 auno
1060 3466 1344 3535 passionis,
1379 3467 1455 3520 sic
1486 3467 1545 3520 in
1577 3466 1660 3521 die
1694 3484 1758 3521 ac
1787 3484 1969 3522 meuse
2003 3468 2258 3538 quaedam
2282 3471 2426 3523 velut
2455 3476 2595 3523 certa

273 3550 543 3605 communi
561 3548 666 3603 fide
688 3550 968 3605 contituta
988 3554 1136 3603 suntx
1170 3550 1261 3604 sed
1282 3551 1410 3604 illud
1432 3553 1712 3622 imprimis,
1745 3553 2007 3607 Christum
2030 3555 2159 3607 luna
2181 3573 2264 3610 xv.
2289 3556 2344 3608 in
2365 3557 2479 3626 ipso
2502 3572 2593 3625 pa·

272 3635 475 3701 sabate,
506 3637 617 3689 sive
638 3636 807 3706 primo
828 3634 914 3689 die
936 3651 1261 3704 azymorum,
1295 3653 1409 3690 esse
1440 3653 1655 3708 passum
1688 3643 1742 3691 et
1762 3638 1972 3707 quidem
1992 3640 2183 3693 Martio
2207 3656 2403 3694 mense.
2451 3639 2595 3704 Quae

272 3722 373 3776 duo
395 3736 522 3776 eum
540 3721 826 3776 multorum
856 3720 1046 3775 animis
1076 3721 1411 3787 insedissent,
1444 3723 1582 3793 quod
1613 3729 2020 3777 consentaneum
2053 3733 2164 3779 erat
2195 3725 2406 3790 accidit,
2440 3732 2500 3778 ut
2531 3725 2595 3778 de

270 3808 531 3878 possiem
562 3812 798 3877 tempore
829 3805 1037 3860 infinita
1056 3808 1311 3877 quaedam
1335 3809 1640 3878 opinionum
1663 3808 1885 3862 divortia
1906 3818 2256 3864 nascerentur.
2300 3810 2440 3864 inter
2461 3825 2593 3879 quas

270 3894 337 3946 ad
369 3899 641 3964 stuporem
675 3908 840 3963 usque
871 3891 1089 3946 ridicula
1119 3900 1200 3946 est
1228 3894 1321 3946 issa
1349 3909 1508 3963 quam
1542 3910 1612 3945 ex
1648 3893 1949 3963 Sigeberto‚
1981 3896 2242 3962 Mariano,
2284 3913 2346 3948 ac
2378 3896 2594 3949 caeteris

270 3985 427 4033 antea
445 3978 736 4033 retulimus.
772 3976 970 4041 Quibus
992 3994 1113 4032 cum
1134 3979 1590 4049 persuasissimum
1613 3978 1749 4033 foret
1764 3978 2026 4034 Christum
2042 3982 2220 4034 Martii
2236 3998 2357 4034 xxv.
2379 3997 2594 4050 passum

270 4081 413 4130 esse,
446 4063 581 4117 feria
603 4080 699 4128 vn,
732 4061 832 4116 hoo
866 4070 950 4116 est
980 4080 1093 4118 vm.
1125 4064 1242 4120 Kal.
1273 4065 1419 4134 Apr.,
1453 4065 1801 4118 resurrexisse
1834 4082 1958 4119 vero
1993 4084 2064 4120 vr.
2094 4066 2210 4119 Kal.
2239 4067 2388 4137 Apr.,
2420 4067 2594 4119 Martii

272 4167 463 4216 mn„
488 4165 619 4202 oum
650 4148 709 4201 in
729 4148 1052 4218 Dionysiano
1083 4149 1230 4219 cyclo
1252 4165 1477 4219 aeraque
1499 4152 1766 4205 communi
1786 4157 1982 4205 certam
2002 4152 2202 4204 nullam
2224 4153 2479 4205 rationem
2503 4168 2594 4205 ex·

270 4236 460 4289 tricare
493 4240 734 4305 possent,
768 4250 833 4288 ee
863 4235 1078 4289 tandem
1107 4234 1413 4290 difficultate
1443 4236 1559 4305 ipsa
1588 4238 1910 4305 quaestionis
1941 4236 2137 4290 redacti
2170 4242 2321 4301 sunt,
2361 4243 2422 4289 ut
2457 4254 2595 4292 anno

270 4337 423 4376 aerae
446 4319 772 4374 Christianae
794 4338 888 4374 nr.
910 4336 1125 4391 passum
1148 4321 1417 4375 dominum
1440 4328 1795 4376 asseverantes
1809 4363 1823 4388 ,
1857 4323 1924 4375 ab
1956 4322 2312 4375 incarnatione
2333 4322 2594 4379 tricesimo

272 4414 485 4477 quarto,
508 4423 631 4472 m,
652 4406 762 4458 sive
783 4407 960 4476 potius
981 4423 1124 4471 ιιιι,
1154 4407 1307 4460 annis
1330 4406 1599 4460 aberrasse
1621 4406 1930 4478 Dionysium
1954 4406 2240 4460 crederent:
2273 4412 2335 4459 ut
2355 4409 2446 4478 qui
2467 4408 2592 4463 duo-

272 4490 534 4546 decimum
555 4506 754 4545 anuum
774 4491 927 4545 ilium
943 4492 1268 4546 constituerit
1282 4508 1438 4563 quem
1460 4509 1641 4546 mrv.
1665 4509 1936 4547 numerare
1959 4491 2237 4547 debuisset.
2275 4491 2481 4547 Etenim
2501 4498 2595 4549 uni

272 4593 409 4632 auno
426 4576 737 4631 duodecime
754 4577 1010 4648 quadrant
1024 4578 1119 4631 illa
1131 4593 1266 4649 quae
1282 4578 1539 4641 diximus;
1562 4580 1640 4631 uti
1651 4579 1784 4632 feria
1799 4596 1870 4635 vr.
1893 4579 1948 4630 in
1963 4595 2088 4630 xxv.
2103 4578 2283 4632 Martii
2304 4582 2592 4647 conveniat,

274 4663 420 4731 cyclo
449 4664 583 4718 solis
604 4680 746 4729 ιιι,
776 4663 927 4717 litera
948 4662 1061 4729 OB,
1094 4664 1248 4718 lunae
1272 4680 1385 4722 xm.
1430 4661 1561 4720 Vide
1596 4680 1732 4732 quae
1763 4680 1834 4717 ex
1865 4664 2101 4720 Mariam
2137 4680 2199 4717 ac
2231 4663 2504 4737 sigeberto
2533 4667 2597 4719 in

2131 4767 2191 4819 1.

2644 827 2685 868 p.
2704 817 2791 857 146.

2647 4267 2689 4309 ρ.
2709 4257 2793 4300 m.
