<?xml version="1.0" encoding="UTF-8"?>
<!DOCTYPE html PUBLIC "-//W3C//DTD XHTML 1.0 Transitional//EN"
    "http://www.w3.org/TR/xhtml1/DTD/xhtml1-transitional.dtd">
<html xmlns="http://www.w3.org/1999/xhtml" xml:lang="en" lang="en">
 <head>
  <title>
</title>
<meta http-equiv="Content-Type" content="text/html;charset=utf-8" />
  <meta name='ocr-system' content='tesseract 3.04.00' />
  <meta name='ocr-capabilities' content='ocr_page ocr_carea ocr_par ocr_line ocrx_word'/>
</head>
<body>
  <div class='ocr_page' id='page_1' title='image "./corporishaerese06oehlgoog_0198.png"; bbox 0 0 3185 5219; ppageno 0'>
   <div class='ocr_carea' id='block_1_1' title="bbox 611 359 752 417">
    <p class='ocr_par' dir='ltr' id='par_1_1' title="bbox 611 359 752 417">
     <span class='ocr_line' id='line_1_1' title="bbox 611 359 752 417; baseline -0.014 1"><span class='ocrx_word' id='word_1_1' title='bbox 611 359 752 417; x_wconf 78' lang='lat'>010</span> 
     </span>
    </p>
   </div>
   <div class='ocr_carea' id='block_1_2' title="bbox 611 511 2939 670">
    <p class='ocr_par' dir='ltr' id='par_1_2' title="bbox 611 511 2939 670">
     <span class='ocr_line' id='line_1_2' title="bbox 611 511 2936 594; baseline -0.001 -23"><span class='ocrx_word' id='word_1_2' title='bbox 611 520 824 571; x_wconf 84' lang='lat' dir='ltr'>centum</span> <span class='ocrx_word' id='word_1_3' title='bbox 844 514 997 570; x_wconf 81' lang='lat' dir='ltr'>annis</span> <span class='ocrx_word' id='word_1_4' title='bbox 1020 512 1356 584; x_wconf 76' lang='lat' dir='ltr'>Olympiadas</span> <span class='ocrx_word' id='word_1_5' title='bbox 1377 513 1748 579; x_wconf 80' lang='lat' dir='ltr'>antecessisse,</span> <span class='ocrx_word' id='word_1_6' title='bbox 1771 529 1993 584; x_wconf 82' lang='lat' dir='ltr'>quarum</span> <span class='ocrx_word' id='word_1_7' title='bbox 2014 513 2224 569; x_wconf 78' lang='lat' dir='ltr'>initium</span> <span class='ocrx_word' id='word_1_8' title='bbox 2245 528 2415 571; x_wconf 84' lang='lat' dir='ltr'>annus</span> <span class='ocrx_word' id='word_1_9' title='bbox 2439 514 2599 568; x_wconf 83' lang='lat' dir='ltr'>estin</span> <span class='ocrx_word' id='word_1_10' title='bbox 2618 528 2728 594; x_wconf 74' lang='lat' dir='ltr'>per.</span> <span class='ocrx_word' id='word_1_11' title='bbox 2748 511 2936 569; x_wconf 81' lang='lat' dir='ltr'>Iulian.</span> 
     </span>
     <span class='ocr_line' id='line_1_3' title="bbox 611 597 2939 670; baseline -0.001 -15"><span class='ocrx_word' id='word_1_12' title='bbox 611 600 762 655; x_wconf 84' lang='grc'><strong>3938.</strong></span> <span class='ocrx_word' id='word_1_13' title='bbox 798 599 1088 655; x_wconf 86' lang='lat' dir='ltr'>Constituto</span> <span class='ocrx_word' id='word_1_14' title='bbox 1110 599 1383 653; x_wconf 78' lang='lat' dir='ltr'><strong>Medorum</strong></span> <span class='ocrx_word' id='word_1_15' title='bbox 1407 599 1623 670; x_wconf 89' lang='lat' dir='ltr'>imperio</span> <span class='ocrx_word' id='word_1_16' title='bbox 1647 600 1751 653; x_wconf 85' lang='lat' dir='ltr'>duo</span> <span class='ocrx_word' id='word_1_17' title='bbox 1774 599 2028 670; x_wconf 87' lang='lat' dir='ltr'>quaedam</span> <span class='ocrx_word' id='word_1_18' title='bbox 2052 600 2157 653; x_wconf 88' lang='lat' dir='ltr'>alia</span> <span class='ocrx_word' id='word_1_19' title='bbox 2178 600 2431 669; x_wconf 85' lang='lat' dir='ltr'>paulatim</span> <span class='ocrx_word' id='word_1_20' title='bbox 2455 597 2825 665; x_wconf 81' lang='lat' dir='ltr'>effloruerunt,</span> <span class='ocrx_word' id='word_1_21' title='bbox 2846 600 2939 652; x_wconf 89' lang='lat' dir='ltr'>As·</span> 
     </span>
    </p>
   </div>
   <div class='ocr_carea' id='block_1_3' title="bbox 593 684 2937 757">
    <p class='ocr_par' dir='ltr' id='par_1_3' title="bbox 593 684 2937 757">
     <span class='ocr_line' id='line_1_4' title="bbox 593 684 2937 757; baseline -0.001 -16"><span class='ocrx_word' id='word_1_22' title='bbox 593 687 869 757; x_wconf 69' lang='lat' dir='ltr'>syriorum</span> <span class='ocrx_word' id='word_1_23' title='bbox 888 702 948 739; x_wconf 90' lang='lat' dir='ltr'>ac</span> <span class='ocrx_word' id='word_1_24' title='bbox 965 684 1369 754; x_wconf 77' lang='lat' dir='ltr'><strong>Babyloniorum</strong></span> <span class='ocrx_word' id='word_1_25' title='bbox 1381 725 1395 750; x_wconf 93' lang='lat'>,</span> <span class='ocrx_word' id='word_1_26' title='bbox 1420 701 1554 755; x_wconf 85' lang='lat' dir='ltr'>quae</span> <span class='ocrx_word' id='word_1_27' title='bbox 1564 685 1765 754; x_wconf 75' lang='lat' dir='ltr'>Assyrii</span> <span class='ocrx_word' id='word_1_28' title='bbox 1781 685 1920 739; x_wconf 90' lang='lat' dir='ltr'>illius</span> <span class='ocrx_word' id='word_1_29' title='bbox 1938 685 2158 738; x_wconf 82' lang='lat' dir='ltr'>maximi</span> <span class='ocrx_word' id='word_1_30' title='bbox 2174 701 2235 739; x_wconf 90' lang='lat' dir='ltr'>ac</span> <span class='ocrx_word' id='word_1_31' title='bbox 2255 685 2483 739; x_wconf 87' lang='lat' dir='ltr'>diuturni</span> <span class='ocrx_word' id='word_1_32' title='bbox 2498 686 2641 738; x_wconf 75' lang='lat' dir='ltr'>velut</span> <span class='ocrx_word' id='word_1_33' title='bbox 2657 685 2937 755; x_wconf 66' lang='lat' dir='ltr'>naufragio</span> 
     </span>
    </p>
   </div>
   <div class='ocr_carea' id='block_1_4' title="bbox 612 769 2939 841">
    <p class='ocr_par' dir='ltr' id='par_1_4' title="bbox 612 769 2939 841">
     <span class='ocr_line' id='line_1_5' title="bbox 612 769 2939 841; baseline -0 -15"><span class='ocrx_word' id='word_1_34' title='bbox 612 772 851 826; x_wconf 87' lang='lat' dir='ltr'>disiectas</span> <span class='ocrx_word' id='word_1_35' title='bbox 874 771 1069 841; x_wconf 90' lang='lat' dir='ltr'>ubique</span> <span class='ocrx_word' id='word_1_36' title='bbox 1091 771 1296 824; x_wconf 77' lang='lat' dir='ltr'>tabulas</span> <span class='ocrx_word' id='word_1_37' title='bbox 1320 771 1661 841; x_wconf 87' lang='lat' dir='ltr'>arripuerunt.</span> <span class='ocrx_word' id='word_1_38' title='bbox 1725 769 1955 834; x_wconf 87' lang='lat' dir='ltr'>Quorum</span> <span class='ocrx_word' id='word_1_39' title='bbox 1978 771 2116 840; x_wconf 89' lang='lat' dir='ltr'>apud</span> <span class='ocrx_word' id='word_1_40' title='bbox 2140 776 2350 824; x_wconf 82' lang='lat' dir='ltr'>exteros</span> <span class='ocrx_word' id='word_1_41' title='bbox 2371 772 2650 841; x_wconf 77' lang='lat' dir='ltr'>scriptores</span> <span class='ocrx_word' id='word_1_42' title='bbox 2671 771 2939 841; x_wconf 75' lang='lat' dir='ltr'>pertenuis</span> 
     </span>
    </p>
   </div>
   <div class='ocr_carea' id='block_1_5' title="bbox 513 850 2941 926">
    <p class='ocr_par' dir='ltr' id='par_1_5' title="bbox 513 850 2941 926">
     <span class='ocr_line' id='line_1_6' title="bbox 513 850 2941 926; baseline -0 -16"><span class='ocrx_word' id='word_1_43' title='bbox 513 850 518 859; x_wconf 84' lang='lat'>&#39;</span> <span class='ocrx_word' id='word_1_44' title='bbox 611 863 694 910; x_wconf 84' lang='lat' dir='ltr'>ost</span> <span class='ocrx_word' id='word_1_45' title='bbox 715 863 768 910; x_wconf 85' lang='lat' dir='ltr'>et</span> <span class='ocrx_word' id='word_1_46' title='bbox 788 856 1011 910; x_wconf 86' lang='lat' dir='ltr'>obscura</span> <span class='ocrx_word' id='word_1_47' title='bbox 1031 856 1309 921; x_wconf 88' lang='lat' dir='ltr'>memoria,</span> <span class='ocrx_word' id='word_1_48' title='bbox 1331 856 1388 909; x_wconf 87' lang='lat' dir='ltr'>in</span> <span class='ocrx_word' id='word_1_49' title='bbox 1409 857 1570 909; x_wconf 87' lang='lat' dir='ltr'>sacris</span> <span class='ocrx_word' id='word_1_50' title='bbox 1594 872 1717 909; x_wconf 81' lang='lat' dir='ltr'>vero</span> <span class='ocrx_word' id='word_1_51' title='bbox 1740 856 1902 909; x_wconf 89' lang='lat' dir='ltr'>literis</span> <span class='ocrx_word' id='word_1_52' title='bbox 1924 872 2043 909; x_wconf 89' lang='lat' dir='ltr'>cum</span> <span class='ocrx_word' id='word_1_53' title='bbox 2066 857 2366 922; x_wconf 87' lang='lat' dir='ltr'>amborum,</span> <span class='ocrx_word' id='word_1_54' title='bbox 2388 862 2503 910; x_wconf 86' lang='lat' dir='ltr'>tum</span> <span class='ocrx_word' id='word_1_55' title='bbox 2523 855 2941 926; x_wconf 77' lang='lat' dir='ltr'>Babyloniorum</span> 
     </span>
    </p>
   </div>
   <div class='ocr_carea' id='block_1_6' title="bbox 604 941 2940 1527">
    <p class='ocr_par' dir='ltr' id='par_1_6' title="bbox 604 941 2940 1527">
     <span class='ocr_line' id='line_1_7' title="bbox 610 941 2940 1013; baseline 0 -17"><span class='ocrx_word' id='word_1_56' title='bbox 610 943 913 1013; x_wconf 86' lang='lat' dir='ltr'>praesertim</span> <span class='ocrx_word' id='word_1_57' title='bbox 936 942 1200 995; x_wconf 89' lang='lat' dir='ltr'>luculenta</span> <span class='ocrx_word' id='word_1_58' title='bbox 1228 947 1310 995; x_wconf 83' lang='lat' dir='ltr'>est</span> <span class='ocrx_word' id='word_1_59' title='bbox 1330 957 1392 995; x_wconf 90' lang='lat' dir='ltr'>ac</span> <span class='ocrx_word' id='word_1_60' title='bbox 1413 941 1659 1012; x_wconf 72' lang='lat' dir='ltr'>frequens</span> <span class='ocrx_word' id='word_1_61' title='bbox 1693 942 1903 994; x_wconf 81' lang='lat' dir='ltr'>mentio.</span> <span class='ocrx_word' id='word_1_62' title='bbox 1972 941 2077 995; x_wconf 85' lang='lat' dir='ltr'>Sed</span> <span class='ocrx_word' id='word_1_63' title='bbox 2110 942 2305 1012; x_wconf 78' lang='lat' dir='ltr'>priores</span> <span class='ocrx_word' id='word_1_64' title='bbox 2338 948 2695 996; x_wconf 78' lang='lat' dir='ltr'>memorantur</span> <span class='ocrx_word' id='word_1_65' title='bbox 2718 942 2940 1011; x_wconf 85' lang='lat' dir='ltr'>Assyrii,</span> 
     </span>
     <span class='ocr_line' id='line_1_8' title="bbox 610 1025 2939 1099; baseline -0.001 -18"><span class='ocrx_word' id='word_1_66' title='bbox 610 1044 830 1098; x_wconf 88' lang='lat' dir='ltr'>quorum</span> <span class='ocrx_word' id='word_1_67' title='bbox 853 1028 1052 1099; x_wconf 83' lang='lat' dir='ltr'>primus</span> <span class='ocrx_word' id='word_1_68' title='bbox 1073 1046 1145 1083; x_wconf 79' lang='grc' dir='ltr'>ιν.</span> <span class='ocrx_word' id='word_1_69' title='bbox 1167 1027 1299 1097; x_wconf 82' lang='lat' dir='ltr'>Beg.</span> <span class='ocrx_word' id='word_1_70' title='bbox 1319 1045 1405 1093; x_wconf 80' lang='lat' dir='ltr'>xv,</span> <span class='ocrx_word' id='word_1_71' title='bbox 1434 1027 1511 1082; x_wconf 89' lang='grc'>19.</span> <span class='ocrx_word' id='word_1_72' title='bbox 1549 1027 1769 1080; x_wconf 87' lang='lat' dir='ltr'>occurrit</span> <span class='ocrx_word' id='word_1_73' title='bbox 1795 1025 1954 1092; x_wconf 86' lang='lat' dir='ltr'>Pbul,</span> <span class='ocrx_word' id='word_1_74' title='bbox 1990 1028 2082 1097; x_wconf 89' lang='lat' dir='ltr'>qui</span> <span class='ocrx_word' id='word_1_75' title='bbox 2104 1033 2157 1080; x_wconf 89' lang='lat' dir='ltr'>et</span> <span class='ocrx_word' id='word_1_76' title='bbox 2177 1026 2436 1081; x_wconf 85' lang='lat' dir='ltr'>Belochus</span> <span class='ocrx_word' id='word_1_77' title='bbox 2460 1027 2662 1081; x_wconf 88' lang='lat' dir='ltr'>dicitur.</span> <span class='ocrx_word' id='word_1_78' title='bbox 2730 1027 2886 1081; x_wconf 88' lang='lat' dir='ltr'>Hunc</span> <span class='ocrx_word' id='word_1_79' title='bbox 2906 1042 2939 1079; x_wconf 92' lang='lat' dir='ltr'>a</span> 
     </span>
     <span class='ocr_line' id='line_1_9' title="bbox 608 1110 2938 1183; baseline -0 -16"><span class='ocrx_word' id='word_1_80' title='bbox 608 1113 777 1167; x_wconf 75' lang='lat' dir='ltr'>Medis</span> <span class='ocrx_word' id='word_1_81' title='bbox 799 1112 1048 1169; x_wconf 72' lang='lat' dir='ltr'>defecisse</span> <span class='ocrx_word' id='word_1_82' title='bbox 1069 1112 1337 1183; x_wconf 71' lang='lat' dir='ltr'>probabile</span> <span class='ocrx_word' id='word_1_83' title='bbox 1360 1119 1456 1169; x_wconf 89' lang='lat' dir='ltr'>est.</span> <span class='ocrx_word' id='word_1_84' title='bbox 1526 1111 1793 1166; x_wconf 85' lang='lat' dir='ltr'>Successit</span> <span class='ocrx_word' id='word_1_85' title='bbox 1812 1111 2037 1182; x_wconf 86' lang='lat' dir='ltr'>Teglath</span> <span class='ocrx_word' id='word_1_86' title='bbox 2056 1110 2334 1167; x_wconf 85' lang='lat' dir='ltr'>Phalassar</span> <span class='ocrx_word' id='word_1_87' title='bbox 2356 1112 2480 1168; x_wconf 85' lang='lat' dir='ltr'>ibid.</span> <span class='ocrx_word' id='word_1_88' title='bbox 2506 1128 2638 1166; x_wconf 88' lang='lat' dir='ltr'>com.</span> <span class='ocrx_word' id='word_1_89' title='bbox 2659 1111 2742 1167; x_wconf 80' lang='lat'>29.</span> <span class='ocrx_word' id='word_1_90' title='bbox 2810 1112 2938 1166; x_wconf 86' lang='lat' dir='ltr'>Inde</span> 
     </span>
     <span class='ocr_line' id='line_1_10' title="bbox 608 1196 2937 1269; baseline -0 -17"><span class='ocrx_word' id='word_1_91' title='bbox 608 1198 973 1253; x_wconf 85' lang='lat' dir='ltr'>Salmanassar</span> <span class='ocrx_word' id='word_1_92' title='bbox 1006 1217 1077 1254; x_wconf 70' lang='grc' dir='ltr'><strong>ιν.</strong></span> <span class='ocrx_word' id='word_1_93' title='bbox 1109 1198 1239 1268; x_wconf 82' lang='lat' dir='ltr'>Reg.</span> <span class='ocrx_word' id='word_1_94' title='bbox 1274 1216 1410 1264; x_wconf 67' lang='grc' dir='ltr'><strong>ινιτ,</strong></span> <span class='ocrx_word' id='word_1_95' title='bbox 1441 1198 1489 1253; x_wconf 89' lang='grc'>3.</span> <span class='ocrx_word' id='word_1_96' title='bbox 1560 1198 1697 1251; x_wconf 88' lang='lat' dir='ltr'>Tum</span> <span class='ocrx_word' id='word_1_97' title='bbox 1731 1197 2083 1253; x_wconf 78' lang='lat' dir='ltr'>Sennacherib</span> <span class='ocrx_word' id='word_1_98' title='bbox 2114 1198 2228 1252; x_wconf 90' lang='lat' dir='ltr'>eius</span> <span class='ocrx_word' id='word_1_99' title='bbox 2261 1198 2401 1252; x_wconf 87' lang='lat' dir='ltr'>filius</span> <span class='ocrx_word' id='word_1_100' title='bbox 2424 1218 2494 1252; x_wconf 81' lang='grc' dir='ltr'><strong>ιν.</strong></span> <span class='ocrx_word' id='word_1_101' title='bbox 2517 1198 2648 1269; x_wconf 81' lang='lat' dir='ltr'>Reg.</span> <span class='ocrx_word' id='word_1_102' title='bbox 2669 1216 2831 1263; x_wconf 80' lang='lat' dir='ltr'>xvm,</span> <span class='ocrx_word' id='word_1_103' title='bbox 2860 1196 2937 1253; x_wconf 84' lang='lat'>13.</span> 
     </span>
     <span class='ocr_line' id='line_1_11' title="bbox 605 1282 2939 1354; baseline -0.001 -16"><span class='ocrx_word' id='word_1_104' title='bbox 605 1284 908 1338; x_wconf 79' lang='lat' dir='ltr'>Postremus</span> <span class='ocrx_word' id='word_1_105' title='bbox 930 1284 1032 1337; x_wconf 75' lang='lat' dir='ltr'>fuit</span> <span class='ocrx_word' id='word_1_106' title='bbox 1048 1283 1378 1338; x_wconf 83' lang='lat' dir='ltr'>Assaraddon</span> <span class='ocrx_word' id='word_1_107' title='bbox 1399 1298 1513 1354; x_wconf 88' lang='lat' dir='ltr'>cap.</span> <span class='ocrx_word' id='word_1_108' title='bbox 1531 1301 1626 1338; x_wconf 80' lang='lat'>111</span> <span class='ocrx_word' id='word_1_109' title='bbox 1639 1322 1653 1348; x_wconf 91' lang='lat'>,</span> <span class='ocrx_word' id='word_1_110' title='bbox 1676 1283 1759 1339; x_wconf 85' lang='lat'>37.</span> <span class='ocrx_word' id='word_1_111' title='bbox 1794 1282 1905 1337; x_wconf 86' lang='lat' dir='ltr'>Iam</span> <span class='ocrx_word' id='word_1_112' title='bbox 1922 1300 2045 1338; x_wconf 77' lang='lat' dir='ltr'>vero</span> <span class='ocrx_word' id='word_1_113' title='bbox 2067 1285 2268 1354; x_wconf 90' lang='lat' dir='ltr'>primus</span> <span class='ocrx_word' id='word_1_114' title='bbox 2285 1285 2618 1354; x_wconf 77' lang='lat' dir='ltr'>Assyriorum</span> <span class='ocrx_word' id='word_1_115' title='bbox 2640 1283 2939 1354; x_wconf 80' lang='lat' dir='ltr'>principum</span> 
     </span>
     <span class='ocr_line' id='line_1_12' title="bbox 604 1368 2936 1440; baseline -0 -16"><span class='ocrx_word' id='word_1_116' title='bbox 604 1368 736 1424; x_wconf 89' lang='lat' dir='ltr'>Phul</span> <span class='ocrx_word' id='word_1_117' title='bbox 758 1369 859 1424; x_wconf 90' lang='lat' dir='ltr'>sub</span> <span class='ocrx_word' id='word_1_118' title='bbox 881 1369 1143 1423; x_wconf 72' lang='lat' dir='ltr'>Manahen</span> <span class='ocrx_word' id='word_1_119' title='bbox 1166 1368 1373 1423; x_wconf 71' lang='lat' dir='ltr'>Israelis</span> <span class='ocrx_word' id='word_1_120' title='bbox 1407 1375 1460 1422; x_wconf 87' lang='lat' dir='ltr'>et</span> <span class='ocrx_word' id='word_1_121' title='bbox 1481 1370 1667 1423; x_wconf 78' lang='lat' dir='ltr'>Azaria</span> <span class='ocrx_word' id='word_1_122' title='bbox 1688 1369 1847 1423; x_wconf 83' lang='lat' dir='ltr'>Iudae</span> <span class='ocrx_word' id='word_1_123' title='bbox 1880 1386 2005 1440; x_wconf 86' lang='lat' dir='ltr'>rege</span> <span class='ocrx_word' id='word_1_124' title='bbox 2037 1370 2333 1425; x_wconf 88' lang='lat' dir='ltr'>collocatur.</span> <span class='ocrx_word' id='word_1_125' title='bbox 2400 1371 2609 1424; x_wconf 76' lang='lat' dir='ltr'>Asarias</span> <span class='ocrx_word' id='word_1_126' title='bbox 2642 1370 2765 1423; x_wconf 90' lang='lat' dir='ltr'>iniit</span> <span class='ocrx_word' id='word_1_127' title='bbox 2794 1385 2936 1423; x_wconf 89' lang='lat' dir='ltr'>anno</span> 
     </span>
     <span class='ocr_line' id='line_1_13' title="bbox 605 1453 2935 1527; baseline 0 -18"><span class='ocrx_word' id='word_1_128' title='bbox 605 1472 714 1527; x_wconf 89' lang='lat' dir='ltr'>per.</span> <span class='ocrx_word' id='word_1_129' title='bbox 731 1455 848 1521; x_wconf 71' lang='lat' dir='ltr'>lul„</span> <span class='ocrx_word' id='word_1_130' title='bbox 872 1461 933 1509; x_wconf 89' lang='lat' dir='ltr'>ut</span> <span class='ocrx_word' id='word_1_131' title='bbox 952 1455 1278 1520; x_wconf 85' lang='lat' dir='ltr'>arbitramur,</span> <span class='ocrx_word' id='word_1_132' title='bbox 1301 1454 1449 1508; x_wconf 83' lang='lat'>3905.</span> <span class='ocrx_word' id='word_1_133' title='bbox 1505 1453 1675 1517; x_wconf 87' lang='lat' dir='ltr'>Quare</span> <span class='ocrx_word' id='word_1_134' title='bbox 1698 1455 2031 1525; x_wconf 74' lang='lat' dir='ltr'>Assyriorum</span> <span class='ocrx_word' id='word_1_135' title='bbox 2053 1471 2303 1525; x_wconf 83' lang='lat' dir='ltr'>reguum,</span> <span class='ocrx_word' id='word_1_136' title='bbox 2325 1455 2466 1527; x_wconf 90' lang='lat' dir='ltr'>quod</span> <span class='ocrx_word' id='word_1_137' title='bbox 2484 1456 2587 1509; x_wconf 88' lang='lat' dir='ltr'>sub</span> <span class='ocrx_word' id='word_1_138' title='bbox 2610 1455 2797 1509; x_wconf 78' lang='lat' dir='ltr'>Azaria</span> <span class='ocrx_word' id='word_1_139' title='bbox 2818 1456 2935 1509; x_wconf 78' lang='lat' dir='ltr'>sun·</span> 
     </span>
    </p>
   </div>
   <div class='ocr_carea' id='block_1_7' title="bbox 541 1539 2933 1611">
    <p class='ocr_par' dir='ltr' id='par_1_7' title="bbox 541 1539 2933 1611">
     <span class='ocr_line' id='line_1_14' title="bbox 541 1539 2933 1611; baseline 0 -16"><span class='ocrx_word' id='word_1_140' title='bbox 541 1570 554 1584; x_wconf 90' lang='lat'><strong>·</strong></span> <span class='ocrx_word' id='word_1_141' title='bbox 604 1540 786 1595; x_wconf 83' lang='lat' dir='ltr'>datum</span> <span class='ocrx_word' id='word_1_142' title='bbox 808 1548 911 1605; x_wconf 86' lang='lat' dir='ltr'>est,</span> <span class='ocrx_word' id='word_1_143' title='bbox 933 1541 1091 1611; x_wconf 80' lang='lat' dir='ltr'>longe</span> <span class='ocrx_word' id='word_1_144' title='bbox 1112 1541 1371 1611; x_wconf 82' lang='lat' dir='ltr'>posterius</span> <span class='ocrx_word' id='word_1_145' title='bbox 1395 1545 1476 1593; x_wconf 84' lang='lat' dir='ltr'>est</span> <span class='ocrx_word' id='word_1_146' title='bbox 1495 1540 1768 1595; x_wconf 78' lang='lat' dir='ltr'>Medorum</span> <span class='ocrx_word' id='word_1_147' title='bbox 1790 1541 1939 1595; x_wconf 89' lang='lat' dir='ltr'>initio</span> <span class='ocrx_word' id='word_1_148' title='bbox 1963 1541 2202 1595; x_wconf 79' lang='lat' dir='ltr'>videlicet</span> <span class='ocrx_word' id='word_1_149' title='bbox 2221 1541 2372 1595; x_wconf 87' lang='lat' dir='ltr'>aunis</span> <span class='ocrx_word' id='word_1_150' title='bbox 2394 1540 2501 1595; x_wconf 72' lang='lat' dir='ltr'>fere</span> <span class='ocrx_word' id='word_1_151' title='bbox 2526 1558 2648 1595; x_wconf 64' lang='lat' dir='ltr'>Lxx.</span> <span class='ocrx_word' id='word_1_152' title='bbox 2698 1541 2782 1594; x_wconf 89' lang='lat' dir='ltr'>Ad</span> <span class='ocrx_word' id='word_1_153' title='bbox 2804 1539 2933 1595; x_wconf 81' lang='lat' dir='ltr'>haec</span> 
     </span>
    </p>
   </div>
   <div class='ocr_carea' id='block_1_8' title="bbox 595 1624 2933 3411">
    <p class='ocr_par' dir='ltr' id='par_1_8' title="bbox 602 1624 2933 1783">
     <span class='ocr_line' id='line_1_15' title="bbox 602 1624 2933 1697; baseline 0 -16"><span class='ocrx_word' id='word_1_154' title='bbox 602 1625 852 1681; x_wconf 72' lang='lat' dir='ltr'>Ezechias</span> <span class='ocrx_word' id='word_1_155' title='bbox 885 1627 1057 1696; x_wconf 89' lang='lat' dir='ltr'>coepit</span> <span class='ocrx_word' id='word_1_156' title='bbox 1086 1642 1152 1680; x_wconf 82' lang='lat' dir='ltr'>ex</span> <span class='ocrx_word' id='word_1_157' title='bbox 1186 1624 1551 1696; x_wconf 81' lang='lat' dir='ltr'>chronologiae</span> <span class='ocrx_word' id='word_1_158' title='bbox 1582 1632 1793 1683; x_wconf 83' lang='lat' dir='ltr'>nostrae</span> <span class='ocrx_word' id='word_1_159' title='bbox 1824 1626 2107 1681; x_wconf 73' lang='lat' dir='ltr'>ratiociniis</span> <span class='ocrx_word' id='word_1_160' title='bbox 2138 1643 2246 1697; x_wconf 87' lang='lat' dir='ltr'>per.</span> <span class='ocrx_word' id='word_1_161' title='bbox 2264 1626 2360 1680; x_wconf 86' lang='lat' dir='ltr'>Iul.</span> <span class='ocrx_word' id='word_1_162' title='bbox 2378 1626 2529 1681; x_wconf 82' lang='lat'>3987.</span> <span class='ocrx_word' id='word_1_163' title='bbox 2596 1626 2737 1697; x_wconf 79' lang='lat' dir='ltr'>Ergo</span> <span class='ocrx_word' id='word_1_164' title='bbox 2761 1642 2933 1681; x_wconf 86' lang='lat' dir='ltr'>annus</span> 
     </span>
     <span class='ocr_line' id='line_1_16' title="bbox 604 1710 2692 1783; baseline -0.001 -16"><span class='ocrx_word' id='word_1_165' title='bbox 604 1713 718 1767; x_wconf 71' lang='lat' dir='ltr'>eim</span> <span class='ocrx_word' id='word_1_166' title='bbox 741 1730 866 1777; x_wconf 68' lang='lat' dir='ltr'>m„</span> <span class='ocrx_word' id='word_1_167' title='bbox 889 1728 994 1782; x_wconf 89' lang='lat' dir='ltr'>quo</span> <span class='ocrx_word' id='word_1_168' title='bbox 1019 1710 1372 1765; x_wconf 75' lang='lat' dir='ltr'>Sennacherib</span> <span class='ocrx_word' id='word_1_169' title='bbox 1394 1711 1692 1766; x_wconf 78' lang='lat' dir='ltr'>interfectus</span> <span class='ocrx_word' id='word_1_170' title='bbox 1714 1711 1931 1777; x_wconf 76' lang='lat' dir='ltr'>videtur,</span> <span class='ocrx_word' id='word_1_171' title='bbox 1955 1719 2035 1766; x_wconf 84' lang='lat' dir='ltr'>est</span> <span class='ocrx_word' id='word_1_172' title='bbox 2053 1710 2277 1783; x_wconf 86' lang='lat' dir='ltr'>per.1ul.</span> <span class='ocrx_word' id='word_1_173' title='bbox 2296 1711 2448 1766; x_wconf 83' lang='lat'>4000.</span> <span class='ocrx_word' id='word_1_174' title='bbox 2474 1712 2692 1766; x_wconf 83' lang='lat' dir='ltr'>circiter.</span> 
     </span>
    </p>

    <p class='ocr_par' dir='ltr' id='par_1_9' title="bbox 595 1797 2931 3234">
     <span class='ocr_line' id='line_1_17' title="bbox 737 1797 2931 1868; baseline 0 -18"><span class='ocrx_word' id='word_1_175' title='bbox 737 1799 808 1851; x_wconf 89' lang='lat' dir='ltr'>At</span> <span class='ocrx_word' id='word_1_176' title='bbox 826 1797 1238 1866; x_wconf 63' lang='lat' dir='ltr'>Babyloniorum</span> <span class='ocrx_word' id='word_1_177' title='bbox 1259 1812 1505 1867; x_wconf 81' lang='lat' dir='ltr'>regnum,</span> <span class='ocrx_word' id='word_1_178' title='bbox 1528 1797 1575 1851; x_wconf 90' lang='lat' dir='ltr'>si</span> <span class='ocrx_word' id='word_1_179' title='bbox 1598 1813 1632 1850; x_wconf 92' lang='lat' dir='ltr'>a</span> <span class='ocrx_word' id='word_1_180' title='bbox 1652 1797 2019 1851; x_wconf 84' lang='lat' dir='ltr'>Nabonassaro</span> <span class='ocrx_word' id='word_1_181' title='bbox 2041 1803 2271 1868; x_wconf 82' lang='lat' dir='ltr'>repetas,</span> <span class='ocrx_word' id='word_1_182' title='bbox 2294 1797 2497 1866; x_wconf 86' lang='lat' dir='ltr'>aliquot</span> <span class='ocrx_word' id='word_1_183' title='bbox 2516 1798 2669 1851; x_wconf 84' lang='lat' dir='ltr'>annis</span> <span class='ocrx_word' id='word_1_184' title='bbox 2690 1804 2815 1868; x_wconf 88' lang='lat' dir='ltr'>post</span> <span class='ocrx_word' id='word_1_185' title='bbox 2836 1799 2931 1851; x_wconf 86' lang='lat' dir='ltr'>As-</span> 
     </span>
     <span class='ocr_line' id='line_1_18' title="bbox 605 1881 2928 1953; baseline 0 -16"><span class='ocrx_word' id='word_1_186' title='bbox 605 1882 863 1952; x_wconf 82' lang='lat' dir='ltr'>syriorum</span> <span class='ocrx_word' id='word_1_187' title='bbox 883 1882 1092 1936; x_wconf 90' lang='lat' dir='ltr'>initium</span> <span class='ocrx_word' id='word_1_188' title='bbox 1115 1883 1303 1938; x_wconf 82' lang='lat' dir='ltr'>extitit.</span> <span class='ocrx_word' id='word_1_189' title='bbox 1359 1882 1539 1953; x_wconf 86' lang='lat' dir='ltr'>Coepit</span> <span class='ocrx_word' id='word_1_190' title='bbox 1559 1883 1698 1936; x_wconf 90' lang='lat' dir='ltr'>enim</span> <span class='ocrx_word' id='word_1_191' title='bbox 1720 1882 2076 1937; x_wconf 86' lang='lat' dir='ltr'>Nabonassari</span> <span class='ocrx_word' id='word_1_192' title='bbox 2097 1899 2221 1936; x_wconf 88' lang='lat' dir='ltr'>aera</span> <span class='ocrx_word' id='word_1_193' title='bbox 2240 1881 2512 1952; x_wconf 74' lang='lat' dir='ltr'>Babylone</span> <span class='ocrx_word' id='word_1_194' title='bbox 2531 1900 2640 1953; x_wconf 86' lang='lat' dir='ltr'>per.</span> <span class='ocrx_word' id='word_1_195' title='bbox 2656 1883 2757 1937; x_wconf 82' lang='lat' dir='ltr'>lul.</span> <span class='ocrx_word' id='word_1_196' title='bbox 2774 1882 2928 1937; x_wconf 83' lang='grc'><strong>3967.</strong></span> 
     </span>
     <span class='ocr_line' id='line_1_19' title="bbox 603 1966 2931 2039; baseline 0.001 -19"><span class='ocrx_word' id='word_1_197' title='bbox 603 1968 809 2022; x_wconf 86' lang='lat' dir='ltr'>Primus</span> <span class='ocrx_word' id='word_1_198' title='bbox 832 1973 1008 2021; x_wconf 86' lang='lat' dir='ltr'>autem</span> <span class='ocrx_word' id='word_1_199' title='bbox 1029 1985 1059 2022; x_wconf 90' lang='lat' dir='ltr'>e</span> <span class='ocrx_word' id='word_1_200' title='bbox 1081 1966 1384 2038; x_wconf 73' lang='lat' dir='ltr'>Babyloniis</span> <span class='ocrx_word' id='word_1_201' title='bbox 1415 1967 1627 2038; x_wconf 82' lang='lat' dir='ltr'>regibus</span> <span class='ocrx_word' id='word_1_202' title='bbox 1658 1968 1713 2021; x_wconf 91' lang='lat' dir='ltr'>in</span> <span class='ocrx_word' id='word_1_203' title='bbox 1745 1969 2013 2039; x_wconf 88' lang='lat' dir='ltr'>scripturis</span> <span class='ocrx_word' id='word_1_204' title='bbox 2043 1968 2343 2023; x_wconf 85' lang='lat' dir='ltr'>nominatur</span> <span class='ocrx_word' id='word_1_205' title='bbox 2363 1968 2643 2022; x_wconf 78' lang='lat' dir='ltr'>Merodach</span> <span class='ocrx_word' id='word_1_206' title='bbox 2662 1967 2807 2023; x_wconf 86' lang='lat' dir='ltr'>filius</span> <span class='ocrx_word' id='word_1_207' title='bbox 2830 1967 2931 2022; x_wconf 90' lang='lat' dir='ltr'>Ba·</span> 
     </span>
     <span class='ocr_line' id='line_1_20' title="bbox 601 2052 2929 2125; baseline 0 -18"><span class='ocrx_word' id='word_1_208' title='bbox 601 2052 758 2107; x_wconf 85' lang='lat' dir='ltr'>ladan</span> <span class='ocrx_word' id='word_1_209' title='bbox 778 2071 850 2108; x_wconf 74' lang='lat' dir='ltr'>nr.</span> <span class='ocrx_word' id='word_1_210' title='bbox 872 2053 1003 2124; x_wconf 82' lang='lat' dir='ltr'>Beg.</span> <span class='ocrx_word' id='word_1_211' title='bbox 1022 2071 1110 2119; x_wconf 84' lang='lat' dir='ltr'>xx,</span> <span class='ocrx_word' id='word_1_212' title='bbox 1139 2053 1217 2107; x_wconf 79' lang='lat'>12.</span> <span class='ocrx_word' id='word_1_213' title='bbox 1241 2055 1377 2107; x_wconf 87' lang='lat' dir='ltr'>circa</span> <span class='ocrx_word' id='word_1_214' title='bbox 1393 2069 1590 2107; x_wconf 88' lang='lat' dir='ltr'>annum</span> <span class='ocrx_word' id='word_1_215' title='bbox 1608 2053 1857 2109; x_wconf 78' lang='lat' dir='ltr'>Ezechiae</span> <span class='ocrx_word' id='word_1_216' title='bbox 1880 2055 1975 2119; x_wconf 69' lang='lat'>14„</span> <span class='ocrx_word' id='word_1_217' title='bbox 1999 2054 2139 2108; x_wconf 85' lang='lat' dir='ltr'>circa</span> <span class='ocrx_word' id='word_1_218' title='bbox 2159 2053 2381 2125; x_wconf 88' lang='lat' dir='ltr'>per.1ul.</span> <span class='ocrx_word' id='word_1_219' title='bbox 2398 2053 2568 2119; x_wconf 72' lang='lat'>4000„</span> <span class='ocrx_word' id='word_1_220' title='bbox 2591 2053 2777 2108; x_wconf 87' lang='lat' dir='ltr'>eodem</span> <span class='ocrx_word' id='word_1_221' title='bbox 2799 2059 2929 2107; x_wconf 82' lang='lat' dir='ltr'>tem·</span> 
     </span>
     <span class='ocr_line' id='line_1_21' title="bbox 605 2138 2929 2210; baseline 0.001 -19"><span class='ocrx_word' id='word_1_222' title='bbox 605 2154 733 2209; x_wconf 85' lang='lat' dir='ltr'>pore</span> <span class='ocrx_word' id='word_1_223' title='bbox 755 2154 859 2209; x_wconf 90' lang='lat' dir='ltr'>quo</span> <span class='ocrx_word' id='word_1_224' title='bbox 883 2138 1234 2193; x_wconf 80' lang='lat' dir='ltr'>Sennacherib</span> <span class='ocrx_word' id='word_1_225' title='bbox 1258 2144 1311 2193; x_wconf 85' lang='lat' dir='ltr'>et</span> <span class='ocrx_word' id='word_1_226' title='bbox 1331 2139 1660 2193; x_wconf 84' lang='lat' dir='ltr'>Assaraddon</span> <span class='ocrx_word' id='word_1_227' title='bbox 1684 2140 1740 2192; x_wconf 89' lang='lat' dir='ltr'>in</span> <span class='ocrx_word' id='word_1_228' title='bbox 1759 2140 1975 2208; x_wconf 83' lang='lat' dir='ltr'>Assyria</span> <span class='ocrx_word' id='word_1_229' title='bbox 1996 2139 2300 2210; x_wconf 80' lang='lat' dir='ltr'>regnabant.</span> <span class='ocrx_word' id='word_1_230' title='bbox 2340 2139 2510 2203; x_wconf 86' lang='lat' dir='ltr'>Quare</span> <span class='ocrx_word' id='word_1_231' title='bbox 2525 2138 2811 2194; x_wconf 71' lang='lat' dir='ltr'>Merodach</span> <span class='ocrx_word' id='word_1_232' title='bbox 2831 2141 2929 2193; x_wconf 83' lang='lat' dir='ltr'>iste</span> 
     </span>
     <span class='ocr_line' id='line_1_22' title="bbox 601 2224 2927 2296; baseline 0.001 -19"><span class='ocrx_word' id='word_1_233' title='bbox 601 2225 684 2277; x_wconf 76' lang='lat' dir='ltr'>vel</span> <span class='ocrx_word' id='word_1_234' title='bbox 705 2224 846 2277; x_wconf 87' lang='lat' dir='ltr'>idem</span> <span class='ocrx_word' id='word_1_235' title='bbox 868 2231 948 2278; x_wconf 89' lang='lat' dir='ltr'>est</span> <span class='ocrx_word' id='word_1_236' title='bbox 970 2240 1089 2278; x_wconf 87' lang='lat' dir='ltr'>cmn</span> <span class='ocrx_word' id='word_1_237' title='bbox 1112 2224 1497 2289; x_wconf 82' lang='lat' dir='ltr'>Nabonassaro,</span> <span class='ocrx_word' id='word_1_238' title='bbox 1530 2225 1614 2277; x_wconf 77' lang='lat' dir='ltr'>vel</span> <span class='ocrx_word' id='word_1_239' title='bbox 1645 2225 1820 2295; x_wconf 88' lang='lat' dir='ltr'>potius</span> <span class='ocrx_word' id='word_1_240' title='bbox 1844 2224 2077 2278; x_wconf 86' lang='lat' dir='ltr'>Baladan</span> <span class='ocrx_word' id='word_1_241' title='bbox 2100 2224 2399 2279; x_wconf 78' lang='lat' dir='ltr'>Merodachi</span> <span class='ocrx_word' id='word_1_242' title='bbox 2428 2232 2590 2295; x_wconf 90' lang='lat' dir='ltr'>pater,</span> <span class='ocrx_word' id='word_1_243' title='bbox 2618 2242 2653 2278; x_wconf 87' lang='lat' dir='ltr'>a</span> <span class='ocrx_word' id='word_1_244' title='bbox 2684 2242 2792 2296; x_wconf 86' lang='lat' dir='ltr'>quo</span> <span class='ocrx_word' id='word_1_245' title='bbox 2827 2224 2927 2279; x_wconf 90' lang='lat' dir='ltr'>Ba·</span> 
     </span>
     <span class='ocr_line' id='line_1_23' title="bbox 605 2309 2926 2382; baseline 0.001 -19"><span class='ocrx_word' id='word_1_246' title='bbox 605 2310 902 2381; x_wconf 88' lang='lat' dir='ltr'>bylonicum</span> <span class='ocrx_word' id='word_1_247' title='bbox 923 2311 1196 2382; x_wconf 88' lang='lat' dir='ltr'>imperium</span> <span class='ocrx_word' id='word_1_248' title='bbox 1226 2310 1292 2364; x_wconf 86' lang='lat' dir='ltr'>ad</span> <span class='ocrx_word' id='word_1_249' title='bbox 1314 2309 1871 2364; x_wconf 84' lang='lat' dir='ltr'>Nabuchodonosorem</span> <span class='ocrx_word' id='word_1_250' title='bbox 1903 2317 1956 2364; x_wconf 86' lang='lat' dir='ltr'>et</span> <span class='ocrx_word' id='word_1_251' title='bbox 1985 2316 2220 2381; x_wconf 86' lang='lat' dir='ltr'>posteros</span> <span class='ocrx_word' id='word_1_252' title='bbox 2251 2327 2420 2381; x_wconf 86' lang='lat' dir='ltr'>usque</span> <span class='ocrx_word' id='word_1_253' title='bbox 2448 2317 2799 2382; x_wconf 80' lang='lat' dir='ltr'>propagatum</span> <span class='ocrx_word' id='word_1_254' title='bbox 2831 2318 2926 2377; x_wconf 80' lang='lat' dir='ltr'>est,</span> 
     </span>
     <span class='ocr_line' id='line_1_24' title="bbox 600 2395 2926 2468; baseline 0.001 -19"><span class='ocrx_word' id='word_1_255' title='bbox 600 2395 766 2450; x_wconf 89' lang='lat' dir='ltr'>donec</span> <span class='ocrx_word' id='word_1_256' title='bbox 789 2414 822 2450; x_wconf 89' lang='lat' dir='ltr'>a</span> <span class='ocrx_word' id='word_1_257' title='bbox 840 2395 975 2466; x_wconf 86' lang='lat' dir='ltr'>Cyro</span> <span class='ocrx_word' id='word_1_258' title='bbox 998 2404 1052 2449; x_wconf 87' lang='lat' dir='ltr'>et</span> <span class='ocrx_word' id='word_1_259' title='bbox 1066 2395 1235 2449; x_wconf 88' lang='lat' dir='ltr'>Persis</span> <span class='ocrx_word' id='word_1_260' title='bbox 1258 2397 1543 2449; x_wconf 83' lang='lat' dir='ltr'>extinctum</span> <span class='ocrx_word' id='word_1_261' title='bbox 1566 2403 1662 2451; x_wconf 82' lang='lat' dir='ltr'>est.</span> <span class='ocrx_word' id='word_1_262' title='bbox 1696 2395 1773 2449; x_wconf 90' lang='lat' dir='ltr'>De</span> <span class='ocrx_word' id='word_1_263' title='bbox 1790 2396 2162 2466; x_wconf 86' lang='lat' dir='ltr'>posterioribus</span> <span class='ocrx_word' id='word_1_264' title='bbox 2179 2397 2407 2465; x_wconf 83' lang='lat' dir='ltr'>Assyriis</span> <span class='ocrx_word' id='word_1_265' title='bbox 2431 2397 2666 2468; x_wconf 89' lang='lat' dir='ltr'>suspicor</span> <span class='ocrx_word' id='word_1_266' title='bbox 2688 2399 2926 2451; x_wconf 84' lang='lat' dir='ltr'>locutum</span> 
     </span>
     <span class='ocr_line' id='line_1_25' title="bbox 598 2480 2924 2553; baseline -0 -16"><span class='ocrx_word' id='word_1_267' title='bbox 598 2480 974 2553; x_wconf 76' lang='lat' dir='ltr'>Epiphaniam,</span> <span class='ocrx_word' id='word_1_268' title='bbox 996 2483 1170 2553; x_wconf 86' lang='lat' dir='ltr'>potius</span> <span class='ocrx_word' id='word_1_269' title='bbox 1189 2499 1344 2552; x_wconf 84' lang='lat' dir='ltr'>quam</span> <span class='ocrx_word' id='word_1_270' title='bbox 1361 2481 1424 2536; x_wconf 86' lang='lat' dir='ltr'>de</span> <span class='ocrx_word' id='word_1_271' title='bbox 1448 2482 1679 2552; x_wconf 83' lang='lat' dir='ltr'>antiquis</span> <span class='ocrx_word' id='word_1_272' title='bbox 1700 2481 1820 2535; x_wconf 84' lang='lat' dir='ltr'>illis.</span> <span class='ocrx_word' id='word_1_273' title='bbox 1855 2481 2022 2545; x_wconf 89' lang='lat' dir='ltr'>Quem</span> <span class='ocrx_word' id='word_1_274' title='bbox 2042 2499 2140 2535; x_wconf 88' lang='lat' dir='ltr'>nos</span> <span class='ocrx_word' id='word_1_275' title='bbox 2162 2488 2222 2536; x_wconf 89' lang='lat' dir='ltr'>ut</span> <span class='ocrx_word' id='word_1_276' title='bbox 2244 2483 2312 2535; x_wconf 89' lang='lat' dir='ltr'>ab</span> <span class='ocrx_word' id='word_1_277' title='bbox 2335 2499 2505 2537; x_wconf 90' lang='lat' dir='ltr'>errore</span> <span class='ocrx_word' id='word_1_278' title='bbox 2528 2488 2797 2553; x_wconf 83' lang='lat' dir='ltr'>utcunque</span> <span class='ocrx_word' id='word_1_279' title='bbox 2814 2483 2924 2536; x_wconf 80' lang='lat' dir='ltr'>vin·</span> 
     </span>
     <span class='ocr_line' id='line_1_26' title="bbox 600 2566 2921 2640; baseline 0 -18"><span class='ocrx_word' id='word_1_280' title='bbox 600 2568 857 2636; x_wconf 88' lang='lat' dir='ltr'>dicemus,</span> <span class='ocrx_word' id='word_1_281' title='bbox 880 2574 1136 2640; x_wconf 83' lang='lat' dir='ltr'>quatenus</span> <span class='ocrx_word' id='word_1_282' title='bbox 1154 2567 1335 2623; x_wconf 77' lang='lat' dir='ltr'>Medos</span> <span class='ocrx_word' id='word_1_283' title='bbox 1351 2566 1656 2638; x_wconf 85' lang='lat' dir='ltr'>Babyloniis</span> <span class='ocrx_word' id='word_1_284' title='bbox 1672 2568 1985 2639; x_wconf 82' lang='lat' dir='ltr'>posteriores</span> <span class='ocrx_word' id='word_1_285' title='bbox 2002 2567 2202 2640; x_wconf 87' lang='lat' dir='ltr'>posuit,</span> <span class='ocrx_word' id='word_1_286' title='bbox 2226 2568 2291 2621; x_wconf 83' lang='lat' dir='ltr'>ad</span> <span class='ocrx_word' id='word_1_287' title='bbox 2310 2568 2523 2623; x_wconf 85' lang='lat' dir='ltr'>Darium</span> <span class='ocrx_word' id='word_1_288' title='bbox 2542 2569 2691 2623; x_wconf 88' lang='lat' dir='ltr'>illum</span> <span class='ocrx_word' id='word_1_289' title='bbox 2708 2568 2921 2624; x_wconf 75' lang='lat' dir='ltr'>Medum</span> 
     </span>
     <span class='ocr_line' id='line_1_27' title="bbox 597 2653 2923 2727; baseline -0 -18"><span class='ocrx_word' id='word_1_290' title='bbox 597 2655 892 2727; x_wconf 82' lang='lat' dir='ltr'>respexisse</span> <span class='ocrx_word' id='word_1_291' title='bbox 913 2653 1195 2720; x_wconf 87' lang='lat' dir='ltr'>credimus,</span> <span class='ocrx_word' id='word_1_292' title='bbox 1230 2655 1321 2725; x_wconf 89' lang='lat' dir='ltr'>qui</span> <span class='ocrx_word' id='word_1_293' title='bbox 1342 2671 1407 2708; x_wconf 84' lang='lat' dir='ltr'>ex</span> <span class='ocrx_word' id='word_1_294' title='bbox 1430 2655 1715 2708; x_wconf 86' lang='lat' dir='ltr'>multorum</span> <span class='ocrx_word' id='word_1_295' title='bbox 1738 2656 1997 2708; x_wconf 86' lang='lat' dir='ltr'>sententia</span> <span class='ocrx_word' id='word_1_296' title='bbox 2016 2654 2292 2709; x_wconf 78' lang='lat' dir='ltr'>Medorum</span> <span class='ocrx_word' id='word_1_297' title='bbox 2313 2662 2608 2726; x_wconf 85' lang='lat' dir='ltr'>postremus</span> <span class='ocrx_word' id='word_1_298' title='bbox 2630 2671 2727 2709; x_wconf 81' lang='lat' dir='ltr'>rex</span> <span class='ocrx_word' id='word_1_299' title='bbox 2747 2654 2853 2709; x_wconf 80' lang='lat' dir='ltr'>fuit</span> <span class='ocrx_word' id='word_1_300' title='bbox 2868 2660 2923 2708; x_wconf 88' lang='lat' dir='ltr'>et</span> 
     </span>
     <span class='ocr_line' id='line_1_28' title="bbox 598 2739 2921 2812; baseline 0 -17"><span class='ocrx_word' id='word_1_301' title='bbox 598 2759 719 2796; x_wconf 80' lang='lat' dir='ltr'>cum</span> <span class='ocrx_word' id='word_1_302' title='bbox 742 2741 903 2811; x_wconf 86' lang='lat' dir='ltr'>Cyro,</span> <span class='ocrx_word' id='word_1_303' title='bbox 934 2739 1204 2809; x_wconf 88' lang='lat' dir='ltr'>Babylone</span> <span class='ocrx_word' id='word_1_304' title='bbox 1225 2746 1398 2811; x_wconf 69' lang='lat' dir='ltr'>capta,</span> <span class='ocrx_word' id='word_1_305' title='bbox 1431 2739 1652 2794; x_wconf 85' lang='lat' dir='ltr'>eandem</span> <span class='ocrx_word' id='word_1_306' title='bbox 1684 2740 1829 2795; x_wconf 85' lang='lat' dir='ltr'>solus</span> <span class='ocrx_word' id='word_1_307' title='bbox 1851 2741 2090 2796; x_wconf 87' lang='lat' dir='ltr'>obtinuit.</span> <span class='ocrx_word' id='word_1_308' title='bbox 2160 2740 2308 2804; x_wconf 90' lang='lat' dir='ltr'>Quod</span> <span class='ocrx_word' id='word_1_309' title='bbox 2330 2742 2430 2795; x_wconf 89' lang='lat' dir='ltr'>etsi</span> <span class='ocrx_word' id='word_1_310' title='bbox 2448 2756 2785 2812; x_wconf 81' lang='lat' dir='ltr'>nequaquam</span> <span class='ocrx_word' id='word_1_311' title='bbox 2806 2758 2921 2812; x_wconf 87' lang='lat' dir='ltr'>pro·</span> 
     </span>
     <span class='ocr_line' id='line_1_29' title="bbox 597 2826 2917 2897; baseline 0 -15"><span class='ocrx_word' id='word_1_312' title='bbox 597 2828 786 2882; x_wconf 79' lang='lat' dir='ltr'>bamus</span> <span class='ocrx_word' id='word_1_313' title='bbox 809 2827 1001 2897; x_wconf 84' lang='lat' dir='ltr'>(neque</span> <span class='ocrx_word' id='word_1_314' title='bbox 1023 2826 1166 2880; x_wconf 84' lang='lat' dir='ltr'>enim</span> <span class='ocrx_word' id='word_1_315' title='bbox 1187 2826 1373 2879; x_wconf 88' lang='lat' dir='ltr'>Darius</span> <span class='ocrx_word' id='word_1_316' title='bbox 1407 2826 1493 2879; x_wconf 88' lang='lat' dir='ltr'>ille</span> <span class='ocrx_word' id='word_1_317' title='bbox 1515 2826 1748 2880; x_wconf 82' lang='lat' dir='ltr'>Danielis</span> <span class='ocrx_word' id='word_1_318' title='bbox 1770 2826 2043 2880; x_wconf 75' lang='lat' dir='ltr'>Medorum</span> <span class='ocrx_word' id='word_1_319' title='bbox 2073 2841 2166 2879; x_wconf 85' lang='lat' dir='ltr'>rex</span> <span class='ocrx_word' id='word_1_320' title='bbox 2198 2826 2349 2892; x_wconf 78' lang='lat' dir='ltr'>fuit),</span> <span class='ocrx_word' id='word_1_321' title='bbox 2382 2827 2721 2881; x_wconf 82' lang='lat' dir='ltr'>nihilominus</span> <span class='ocrx_word' id='word_1_322' title='bbox 2754 2844 2826 2882; x_wconf 81' lang='lat' dir='ltr'>ex</span> <span class='ocrx_word' id='word_1_323' title='bbox 2857 2844 2917 2882; x_wconf 80' lang='lat' dir='ltr'>eo</span> 
     </span>
     <span class='ocr_line' id='line_1_30' title="bbox 597 2911 2918 2983; baseline -0.001 -13"><span class='ocrx_word' id='word_1_324' title='bbox 597 2914 831 2970; x_wconf 74' lang='lat' dir='ltr'>mavit</span> <span class='ocrx_word' id='word_1_325' title='bbox 849 2919 1183 2983; x_wconf 80' lang='lat' dir='ltr'>praepostera</span> <span class='ocrx_word' id='word_1_326' title='bbox 1203 2913 1293 2965; x_wconf 89' lang='lat' dir='ltr'>illa</span> <span class='ocrx_word' id='word_1_327' title='bbox 1312 2927 1592 2983; x_wconf 79' lang='lat' dir='ltr'>regnorum</span> <span class='ocrx_word' id='word_1_328' title='bbox 1625 2912 1763 2983; x_wconf 86' lang='lat' dir='ltr'>apud</span> <span class='ocrx_word' id='word_1_329' title='bbox 1794 2911 2145 2983; x_wconf 82' lang='lat' dir='ltr'>Epiphanium</span> <span class='ocrx_word' id='word_1_330' title='bbox 2178 2911 2488 2968; x_wconf 85' lang='lat' dir='ltr'>distributio.</span> <span class='ocrx_word' id='word_1_331' title='bbox 2531 2913 2783 2983; x_wconf 85' lang='lat' dir='ltr'>Alioquin</span> <span class='ocrx_word' id='word_1_332' title='bbox 2816 2930 2918 2967; x_wconf 82' lang='lat' dir='ltr'>cer-</span> 
     </span>
     <span class='ocr_line' id='line_1_31' title="bbox 595 2997 2916 3068; baseline -0 -14"><span class='ocrx_word' id='word_1_333' title='bbox 595 2999 804 3054; x_wconf 81' lang='lat' dir='ltr'>tissima</span> <span class='ocrx_word' id='word_1_334' title='bbox 845 3003 927 3052; x_wconf 88' lang='lat' dir='ltr'>est</span> <span class='ocrx_word' id='word_1_335' title='bbox 967 3005 1020 3051; x_wconf 84' lang='lat' dir='ltr'>et</span> <span class='ocrx_word' id='word_1_336' title='bbox 1061 2997 1127 3051; x_wconf 87' lang='lat' dir='ltr'>ad</span> <span class='ocrx_word' id='word_1_337' title='bbox 1171 2998 1398 3052; x_wconf 84' lang='lat' dir='ltr'>Danielis</span> <span class='ocrx_word' id='word_1_338' title='bbox 1431 2998 1687 3051; x_wconf 78' lang='lat' dir='ltr'>visionem</span> <span class='ocrx_word' id='word_1_339' title='bbox 1726 2997 2269 3052; x_wconf 82' lang='lat' dir='ltr'>accommodatissima</span> <span class='ocrx_word' id='word_1_340' title='bbox 2304 2997 2608 3068; x_wconf 85' lang='lat' dir='ltr'>Hieronymi</span> <span class='ocrx_word' id='word_1_341' title='bbox 2644 3001 2916 3066; x_wconf 79' lang='lat' dir='ltr'>sententia,</span> 
     </span>
     <span class='ocr_line' id='line_1_32' title="bbox 599 3082 2915 3154; baseline 0.001 -17"><span class='ocrx_word' id='word_1_342' title='bbox 599 3090 820 3154; x_wconf 84' lang='lat' dir='ltr'>quatuor</span> <span class='ocrx_word' id='word_1_343' title='bbox 842 3083 1092 3137; x_wconf 84' lang='lat' dir='ltr'>animalia</span> <span class='ocrx_word' id='word_1_344' title='bbox 1112 3082 1322 3138; x_wconf 84' lang='lat' dir='ltr'>totidem</span> <span class='ocrx_word' id='word_1_345' title='bbox 1346 3083 1564 3154; x_wconf 84' lang='lat' dir='ltr'>imperia</span> <span class='ocrx_word' id='word_1_346' title='bbox 1585 3083 1908 3154; x_wconf 79' lang='lat' dir='ltr'>siguificare,</span> <span class='ocrx_word' id='word_1_347' title='bbox 1941 3082 2378 3153; x_wconf 88' lang='lat' dir='ltr'>Babyloniorum,</span> <span class='ocrx_word' id='word_1_348' title='bbox 2412 3083 2687 3138; x_wconf 85' lang='lat' dir='ltr'>Persarum</span> <span class='ocrx_word' id='word_1_349' title='bbox 2701 3124 2716 3150; x_wconf 90' lang='lat'>,</span> <span class='ocrx_word' id='word_1_350' title='bbox 2748 3085 2915 3141; x_wconf 74' lang='lat' dir='ltr'>Mace-</span> 
     </span>
     <span class='ocr_line' id='line_1_33' title="bbox 598 3168 1210 3234; baseline -0.005 -11"><span class='ocrx_word' id='word_1_351' title='bbox 598 3168 819 3234; x_wconf 81' lang='lat' dir='ltr'>donum,</span> <span class='ocrx_word' id='word_1_352' title='bbox 839 3168 1210 3223; x_wconf 75' lang='lat' dir='ltr'>Romanorum.</span> 
     </span>
    </p>

    <p class='ocr_par' dir='ltr' id='par_1_10' title="bbox 598 3249 2917 3411">
     <span class='ocr_line' id='line_1_34' title="bbox 734 3249 2917 3325; baseline 0.003 -19"><span class='ocrx_word' id='word_1_353' title='bbox 734 3252 1033 3324; x_wconf 67' lang='lat' dir='ltr'>&#39;Eutrpiaeuv</span> <span class='ocrx_word' id='word_1_354' title='bbox 1051 3256 1153 3313; x_wconf 73' lang='grc' dir='ltr'>τοῖς</span> <span class='ocrx_word' id='word_1_355' title='bbox 1171 3249 1345 3304; x_wconf 74' lang='grc' dir='ltr'><strong>ἔθνεσιν</strong></span> <span class='ocrx_word' id='word_1_356' title='bbox 1364 3250 1426 3314; x_wconf 79' lang='grc' dir='ltr'>εἰς</span> <span class='ocrx_word' id='word_1_357' title='bbox 1444 3251 1703 3324; x_wconf 58' lang='grc' dir='ltr'>πόλεμοι]</span> <span class='ocrx_word' id='word_1_358' title='bbox 1740 3253 1802 3308; x_wconf 87' lang='grc' dir='ltr'><em>Ὃ</em></span> <span class='ocrx_word' id='word_1_359' title='bbox 1820 3257 1953 3315; x_wconf 63' lang='grc' dir='ltr'><strong>νοῦς.</strong></span> <span class='ocrx_word' id='word_1_360' title='bbox 1977 3254 2167 3323; x_wconf 82' lang='lat' dir='ltr'>Angeli</span> <span class='ocrx_word' id='word_1_361' title='bbox 2187 3255 2463 3308; x_wconf 84' lang='lat' dir='ltr'>nationum</span> <span class='ocrx_word' id='word_1_362' title='bbox 2478 3255 2917 3325; x_wconf 58' lang='lat' dir='ltr'>prae-idumea</span> 
     </span>
     <span class='ocr_line' id='line_1_35' title="bbox 598 3337 2652 3411; baseline 0.001 -18"><span class='ocrx_word' id='word_1_363' title='bbox 598 3339 892 3394; x_wconf 58' lang='lat' dir='ltr'>detinent&amp;</span> <span class='ocrx_word' id='word_1_364' title='bbox 913 3337 1347 3409; x_wconf 81' lang='lat' dir='ltr'>probibenturque</span> <span class='ocrx_word' id='word_1_365' title='bbox 1370 3355 1438 3393; x_wconf 91' lang='lat' dir='ltr'>ne</span> <span class='ocrx_word' id='word_1_366' title='bbox 1459 3338 1721 3393; x_wconf 85' lang='lat' dir='ltr'>subiectos</span> <span class='ocrx_word' id='word_1_367' title='bbox 1742 3339 1845 3393; x_wconf 86' lang='lat' dir='ltr'>sibi</span> <span class='ocrx_word' id='word_1_368' title='bbox 1865 3339 2086 3409; x_wconf 85' lang='lat' dir='ltr'>populos</span> <span class='ocrx_word' id='word_1_369' title='bbox 2110 3340 2175 3392; x_wconf 84' lang='lat' dir='ltr'>ad</span> <span class='ocrx_word' id='word_1_370' title='bbox 2198 3340 2335 3394; x_wconf 86' lang='lat' dir='ltr'>bella</span> <span class='ocrx_word' id='word_1_371' title='bbox 2353 3347 2652 3411; x_wconf 72' lang='lat' dir='ltr'>provocent.</span> 
     </span>
    </p>
   </div>
   <div class='ocr_carea' id='block_1_9' title="bbox 997 3558 2505 3627">
    <p class='ocr_par' dir='ltr' id='par_1_11' title="bbox 997 3558 2505 3627">
     <span class='ocr_line' id='line_1_36' title="bbox 997 3558 2505 3627; baseline 0.003 -12"><span class='ocrx_word' id='word_1_372' title='bbox 997 3561 1089 3615; x_wconf 88' lang='lat' dir='ltr'>AD</span> <span class='ocrx_word' id='word_1_373' title='bbox 1122 3558 1466 3616; x_wconf 83' lang='lat' dir='ltr'>HAERESIM</span> <span class='ocrx_word' id='word_1_374' title='bbox 1497 3560 1621 3627; x_wconf 91' lang='lat' dir='ltr'>LII.‚</span> <span class='ocrx_word' id='word_1_375' title='bbox 1658 3560 1836 3625; x_wconf 87' lang='lat' dir='ltr'>QUAE</span> <span class='ocrx_word' id='word_1_376' title='bbox 1870 3561 1998 3617; x_wconf 84' lang='lat' dir='ltr'>EST</span> <span class='ocrx_word' id='word_1_377' title='bbox 2031 3562 2505 3619; x_wconf 80' lang='lat' dir='ltr'>ADAMITARUM.</span> 
     </span>
    </p>
   </div>
   <div class='ocr_carea' id='block_1_10' title="bbox 593 3680 2911 4268">
    <p class='ocr_par' dir='ltr' id='par_1_12' title="bbox 595 3680 2911 3826">
     <span class='ocr_line' id='line_1_37' title="bbox 731 3680 2911 3754; baseline 0.001 -15"><span class='ocrx_word' id='word_1_378' title='bbox 731 3683 1108 3754; x_wconf 83' lang='lat' dir='ltr'>Spurcissimae</span> <span class='ocrx_word' id='word_1_379' title='bbox 1125 3680 1276 3736; x_wconf 81' lang='lat' dir='ltr'>buius</span> <span class='ocrx_word' id='word_1_380' title='bbox 1294 3681 1523 3736; x_wconf 81' lang='lat' dir='ltr'>haeresis</span> <span class='ocrx_word' id='word_1_381' title='bbox 1540 3688 1778 3736; x_wconf 85' lang='lat' dir='ltr'>autorem</span> <span class='ocrx_word' id='word_1_382' title='bbox 1795 3681 2149 3738; x_wconf 75' lang='lat' dir='ltr'>Theodoretus</span> <span class='ocrx_word' id='word_1_383' title='bbox 2169 3685 2298 3739; x_wconf 79' lang='lat' dir='ltr'>facit</span> <span class='ocrx_word' id='word_1_384' title='bbox 2316 3683 2608 3751; x_wconf 85' lang='lat' dir='ltr'>Prodicum,</span> <span class='ocrx_word' id='word_1_385' title='bbox 2631 3685 2787 3741; x_wconf 87' lang='lat' dir='ltr'>cuius</span> <span class='ocrx_word' id='word_1_386' title='bbox 2806 3701 2911 3741; x_wconf 79' lang='lat' dir='ltr'>ma-</span> 
     </span>
     <span class='ocr_line' id='line_1_38' title="bbox 595 3767 1237 3826; baseline -0.006 0"><span class='ocrx_word' id='word_1_387' title='bbox 595 3770 750 3826; x_wconf 71' lang='lat' dir='ltr'>minis:</span> <span class='ocrx_word' id='word_1_388' title='bbox 769 3767 930 3822; x_wconf 84' lang='lat' dir='ltr'>Olem.</span> <span class='ocrx_word' id='word_1_389' title='bbox 946 3787 1027 3824; x_wconf 81' lang='grc' dir='ltr'><strong>ιιι.</strong></span> <span class='ocrx_word' id='word_1_390' title='bbox 1049 3767 1237 3823; x_wconf 83' lang='lat' dir='ltr'>Strom.</span> 
     </span>
    </p>

    <p class='ocr_par' dir='ltr' id='par_1_13' title="bbox 729 3848 2595 3926">
     <span class='ocr_line' id='line_1_39' title="bbox 729 3848 2595 3926; baseline -0.001 -17"><span class='ocrx_word' id='word_1_391' title='bbox 729 3855 791 3909; x_wconf 87' lang='lat' dir='ltr'>N.</span> <span class='ocrx_word' id='word_1_392' title='bbox 816 3872 874 3909; x_wconf 78' lang='grc' dir='ltr'><strong>ιι.</strong></span> <span class='ocrx_word' id='word_1_393' title='bbox 909 3853 998 3907; x_wconf 75' lang='grc' dir='ltr'>Διὰ</span> <span class='ocrx_word' id='word_1_394' title='bbox 1020 3854 1078 3906; x_wconf 68' lang='grc' dir='ltr'>τὸ</span> <span class='ocrx_word' id='word_1_395' title='bbox 1101 3848 1216 3907; x_wconf 73' lang='grc' dir='ltr'><strong>εἶναι</strong></span> <span class='ocrx_word' id='word_1_396' title='bbox 1238 3850 1429 3924; x_wconf 47' lang='lat' dir='ltr'>teum]</span> <span class='ocrx_word' id='word_1_397' title='bbox 1471 3854 1594 3910; x_wconf 81' lang='lat' dir='ltr'>Hes.</span> <span class='ocrx_word' id='word_1_398' title='bbox 1621 3850 1786 3925; x_wconf 75' lang='grc' dir='ltr'>Ἔθμὴ</span> <span class='ocrx_word' id='word_1_399' title='bbox 1811 3851 1989 3926; x_wconf 69' lang='grc' dir='ltr'><strong>ἀτμὸς,</strong></span> <span class='ocrx_word' id='word_1_400' title='bbox 2016 3855 2197 3916; x_wconf 72' lang='grc' dir='ltr'><strong>καπνὸς</strong></span> <span class='ocrx_word' id='word_1_401' title='bbox 2221 3855 2424 3921; x_wconf 70' lang='grc' dir='ltr'><strong>λεπτὸς,</strong></span> <span class='ocrx_word' id='word_1_402' title='bbox 2448 3852 2595 3926; x_wconf 56' lang='lat' dir='ltr'>‘&#39;nv-²5·</span> 
     </span>
    </p>

    <p class='ocr_par' dir='ltr' id='par_1_14' title="bbox 593 3937 2907 4268">
     <span class='ocr_line' id='line_1_40' title="bbox 730 3937 2906 4012; baseline 0 -18"><span class='ocrx_word' id='word_1_403' title='bbox 730 3940 877 4007; x_wconf 75' lang='grc' dir='ltr'><strong>Δίκην</strong></span> <span class='ocrx_word' id='word_1_404' title='bbox 902 3939 1243 4012; x_wconf 75' lang='grc' dir='ltr'><strong>Καμψαρίων.]</strong></span> <span class='ocrx_word' id='word_1_405' title='bbox 1285 3938 1427 3994; x_wconf 85' lang='lat' dir='ltr'>Idem</span> <span class='ocrx_word' id='word_1_406' title='bbox 1449 3939 1569 3993; x_wconf 82' lang='lat' dir='ltr'>Hes.</span> <span class='ocrx_word' id='word_1_407' title='bbox 1594 3937 1790 4011; x_wconf 76' lang='grc' dir='ltr'>κάμψει,</span> <span class='ocrx_word' id='word_1_408' title='bbox 1818 3940 1965 4010; x_wconf 76' lang='grc' dir='ltr'><strong>θήκη,</strong></span> <span class='ocrx_word' id='word_1_409' title='bbox 1991 3941 2410 4012; x_wconf 67' lang='grc' dir='ltr'><strong>γλωσσοκομιῖον.</strong></span> <span class='ocrx_word' id='word_1_410' title='bbox 2446 3940 2513 3994; x_wconf 82' lang='lat' dir='ltr'>Et</span> <span class='ocrx_word' id='word_1_411' title='bbox 2533 3941 2752 4012; x_wconf 67' lang='grc' dir='ltr'>καμψία,</span> <span class='ocrx_word' id='word_1_412' title='bbox 2772 3943 2906 4011; x_wconf 40' lang='lat' dir='ltr'>aava</span> 
     </span>
     <span class='ocr_line' id='line_1_41' title="bbox 593 4022 2907 4096; baseline -0.001 -16"><span class='ocrx_word' id='word_1_413' title='bbox 593 4028 832 4083; x_wconf 71' lang='grc' dir='ltr'><strong>κανίσκια.</strong></span> <span class='ocrx_word' id='word_1_414' title='bbox 866 4025 1080 4080; x_wconf 80' lang='lat' dir='ltr'>Suidas=</span> <span class='ocrx_word' id='word_1_415' title='bbox 1103 4023 1263 4095; x_wconf 75' lang='grc' dir='ltr'>Κάψα,</span> <span class='ocrx_word' id='word_1_416' title='bbox 1287 4023 1443 4093; x_wconf 76' lang='grc' dir='ltr'><strong>κίστη,</strong></span> <span class='ocrx_word' id='word_1_417' title='bbox 1467 4025 1497 4090; x_wconf 77' lang='grc' dir='ltr'><strong>ἢ</strong></span> <span class='ocrx_word' id='word_1_418' title='bbox 1524 4022 1663 4092; x_wconf 69' lang='grc' dir='ltr'><strong>θήκη.</strong></span> <span class='ocrx_word' id='word_1_419' title='bbox 1700 4026 1865 4096; x_wconf 79' lang='lat' dir='ltr'>Igitur</span> <span class='ocrx_word' id='word_1_420' title='bbox 1887 4027 2108 4096; x_wconf 82' lang='lat' dir='ltr'>capsarii</span> <span class='ocrx_word' id='word_1_421' title='bbox 2130 4032 2254 4079; x_wconf 86' lang='lat' dir='ltr'>sunt</span> <span class='ocrx_word' id='word_1_422' title='bbox 2273 4024 2669 4096; x_wconf 69' lang='grc' dir='ltr'><strong>ἱματιοφύλακες,</strong></span> <span class='ocrx_word' id='word_1_423' title='bbox 2692 4025 2793 4083; x_wconf 82' lang='lat' dir='ltr'>hoc</span> <span class='ocrx_word' id='word_1_424' title='bbox 2814 4039 2907 4093; x_wconf 73' lang='lat' dir='ltr'>eat,</span> 
     </span>
     <span class='ocr_line' id='line_1_42' title="bbox 595 4110 2903 4184; baseline 0.001 -18"><span class='ocrx_word' id='word_1_425' title='bbox 595 4119 656 4174; x_wconf 69' lang='lat' dir='ltr'>,ut</span> <span class='ocrx_word' id='word_1_426' title='bbox 673 4114 881 4184; x_wconf 83' lang='lat' dir='ltr'>glossae</span> <span class='ocrx_word' id='word_1_427' title='bbox 901 4111 1144 4176; x_wconf 84' lang='lat' dir='ltr'>reddunt,</span> <span class='ocrx_word' id='word_1_428' title='bbox 1167 4114 1415 4163; x_wconf 50' lang='lat' dir='ltr'>vestiar-⁸2</span> <span class='ocrx_word' id='word_1_429' title='bbox 1479 4110 1650 4180; x_wconf 86' lang='lat' dir='ltr'>Supra</span> <span class='ocrx_word' id='word_1_430' title='bbox 1668 4111 1724 4164; x_wconf 91' lang='lat' dir='ltr'>in</span> <span class='ocrx_word' id='word_1_431' title='bbox 1745 4111 1963 4165; x_wconf 84' lang='lat' dir='ltr'>Hebion.</span> <span class='ocrx_word' id='word_1_432' title='bbox 1989 4113 2209 4165; x_wconf 70' lang='grc' dir='ltr'>ολεανίω</span> <span class='ocrx_word' id='word_1_433' title='bbox 2228 4112 2465 4166; x_wconf 74' lang='lat' dir='ltr'>vocabat.</span> <span class='ocrx_word' id='word_1_434' title='bbox 2533 4112 2730 4167; x_wconf 82' lang='lat' dir='ltr'>Paulus</span> <span class='ocrx_word' id='word_1_435' title='bbox 2748 4114 2841 4172; x_wconf 87' lang='lat' dir='ltr'>lib.</span> <span class='ocrx_word' id='word_1_436' title='bbox 2857 4112 2903 4168; x_wconf 80' lang='lat'>3.</span> 
     </span>
     <span class='ocr_line' id='line_1_43' title="bbox 597 4195 2495 4268; baseline 0 -16"><span class='ocrx_word' id='word_1_437' title='bbox 597 4199 645 4264; x_wconf 64' lang='grc'><strong>5.</strong></span> <span class='ocrx_word' id='word_1_438' title='bbox 665 4200 831 4254; x_wconf 87' lang='lat' dir='ltr'>ultim.</span> <span class='ocrx_word' id='word_1_439' title='bbox 857 4198 920 4252; x_wconf 92' lang='lat' dir='ltr'>D.</span> <span class='ocrx_word' id='word_1_440' title='bbox 942 4197 1005 4252; x_wconf 88' lang='lat' dir='ltr'>de</span> <span class='ocrx_word' id='word_1_441' title='bbox 1028 4196 1176 4251; x_wconf 85' lang='lat' dir='ltr'>Offic.</span> <span class='ocrx_word' id='word_1_442' title='bbox 1200 4195 1367 4249; x_wconf 75' lang='lat' dir='ltr'>Praet-</span> <span class='ocrx_word' id='word_1_443' title='bbox 1385 4195 1504 4265; x_wconf 81' lang='lat' dir='ltr'>Vig.</span> <span class='ocrx_word' id='word_1_444' title='bbox 1525 4196 1710 4250; x_wconf 84' lang='lat' dir='ltr'>eadem</span> <span class='ocrx_word' id='word_1_445' title='bbox 1730 4211 1857 4250; x_wconf 74' lang='lat' dir='ltr'>voce</span> <span class='ocrx_word' id='word_1_446' title='bbox 1880 4196 2232 4267; x_wconf 86' lang='lat' dir='ltr'>capsariorum</span> <span class='ocrx_word' id='word_1_447' title='bbox 2252 4198 2495 4268; x_wconf 84' lang='lat' dir='ltr'>appellat.</span> 
     </span>
    </p>
   </div>
   <div class='ocr_carea' id='block_1_11' title="bbox 729 4415 2553 4611">
    <p class='ocr_par' dir='ltr' id='par_1_15' title="bbox 729 4415 2553 4611">
     <span class='ocr_line' id='line_1_44' title="bbox 958 4415 2533 4483; baseline 0.001 -9"><span class='ocrx_word' id='word_1_448' title='bbox 958 4418 1048 4474; x_wconf 85' lang='lat' dir='ltr'>AD</span> <span class='ocrx_word' id='word_1_449' title='bbox 1082 4415 1425 4475; x_wconf 83' lang='lat' dir='ltr'>HAERESIM</span> <span class='ocrx_word' id='word_1_450' title='bbox 1458 4415 1608 4483; x_wconf 69' lang='lat' dir='ltr'>Lm„</span> <span class='ocrx_word' id='word_1_451' title='bbox 1641 4415 1818 4482; x_wconf 86' lang='lat' dir='ltr'>QUAE</span> <span class='ocrx_word' id='word_1_452' title='bbox 1852 4417 1979 4473; x_wconf 83' lang='lat' dir='ltr'>EST</span> <span class='ocrx_word' id='word_1_453' title='bbox 2013 4415 2533 4475; x_wconf 80' lang='lat' dir='ltr'>SAMPSAEORUM.</span> 
     </span>
     <span class='ocr_line' id='line_1_45' title="bbox 729 4536 2553 4611; baseline 0.002 -19"><span class='ocrx_word' id='word_1_454' title='bbox 729 4536 806 4592; x_wconf 86' lang='lat' dir='ltr'>De</span> <span class='ocrx_word' id='word_1_455' title='bbox 827 4539 1017 4593; x_wconf 56' lang='lat' dir='ltr'>num</span> <span class='ocrx_word' id='word_1_456' title='bbox 1039 4540 1094 4593; x_wconf 81' lang='lat' dir='ltr'>in</span> <span class='ocrx_word' id='word_1_457' title='bbox 1117 4539 1467 4611; x_wconf 77' lang='lat' dir='ltr'>superioribus</span> <span class='ocrx_word' id='word_1_458' title='bbox 1489 4537 1743 4604; x_wconf 85' lang='lat' dir='ltr'>diximus,</span> <span class='ocrx_word' id='word_1_459' title='bbox 1766 4542 1900 4593; x_wconf 82' lang='lat' dir='ltr'>utet</span> <span class='ocrx_word' id='word_1_460' title='bbox 1920 4538 1985 4593; x_wconf 81' lang='lat' dir='ltr'>do</span> <span class='ocrx_word' id='word_1_461' title='bbox 2005 4538 2230 4606; x_wconf 82' lang='lat' dir='ltr'>Elxaeo‚</span> <span class='ocrx_word' id='word_1_462' title='bbox 2252 4541 2363 4598; x_wconf 75' lang='lat' dir='ltr'>sive</span> <span class='ocrx_word' id='word_1_463' title='bbox 2384 4540 2553 4596; x_wconf 79' lang='lat' dir='ltr'>Elxai.</span> 
     </span>
    </p>
   </div>
  </div>
 </body>
</html>
