3185 5219
587 424 659 479 IV

587 576 949 650 theologorum
970 594 1211 633 normam
1230 579 1473 634 vocabuli
1492 594 1650 633 usum
1670 578 1824 634 istius
1848 581 2017 652 exigi,
2052 598 2086 635 a
2117 581 2306 652 quibus
2338 582 2462 654 quid
2484 583 2689 654 proprie
2712 583 2782 637 sit
2803 582 2922 637 hae·

587 665 742 731 resis,
777 669 830 717 et
861 671 1116 735 quantum
1145 665 1359 735 reliquis
1388 666 1454 720 ab
1479 666 1633 721 sectis
1656 664 1864 720 differat
1884 667 2128 721 subtilius
2152 674 2309 737 atque
2332 667 2652 722 enucleatius
2676 669 2924 723 declarari

588 752 736 807 solet.
803 750 939 806 Nam
968 768 1140 821 neque
1169 751 1369 820 priores
1400 751 1522 805 illae
1553 756 1752 817 sectae,
1786 751 2177 820 Barbarismus,
2219 752 2572 823 Scythismus,
2614 754 2923 821 Iudaismus,

588 842 842 907 quatenus
883 834 1073 890 Christi
1112 841 1284 891 ortum
1323 838 1627 902 antecessit,
1666 837 1802 892 inter
1840 837 2080 892 haereses
2119 840 2306 893 merito
2345 846 2700 905 recensentur3
2752 857 2923 912 neque

585 924 723 976 ullae
745 922 982 992 propriae
1005 927 1179 976 sectae
1201 921 1552 976 Barbarorum
1574 927 1669 975 aut
1690 922 2002 993 Scytharum
2024 925 2249 978 fuerunt.
2305 926 2476 996 Atque
2489 966 2503 991 ,
2539 931 2598 978 ut
2619 926 2923 996 diligentius

585 1008 644 1063 in
663 1008 993 1074 Hellenismi,
1029 1006 1278 1062 Iudaismi
1309 1023 1370 1061 ac
1401 1007 1748 1062 Samaritismi
1780 1010 1980 1080 species
2001 1011 2314 1081 inquiratur,
2349 1011 2627 1083 pleraeque
2648 1011 2870 1066 forsitan
2893 1028 2922 1065 e

586 1109 803 1149 numero
826 1098 1109 1159 sectarum,
1151 1093 1261 1147 sive
1282 1092 1591 1160 haereseon,
1633 1094 1941 1149 eximendae
1964 1101 2139 1150 erunt:
2186 1096 2249 1149 de
2277 1113 2383 1167 qua
2404 1113 2459 1149 re
2483 1099 2704 1168 sparsim
2728 1114 2789 1151 ac
2810 1099 2921 1153 suis

585 1181 713 1234 locis
754 1179 1095 1251 opportunius
1133 1184 1331 1250 agetur.
1401 1180 1462 1234 In
1495 1180 1812 1234 Hellenismo
1853 1181 2085 1252 quidem,
2135 1197 2257 1235 cum
2296 1187 2520 1252 quatuor
2557 1183 2920 1237 tantummodo
2977 1224 2988 1249 ,

587 1271 753 1320 sectas
776 1263 1097 1336 Epiphanius
1119 1270 1379 1332 numeret,
1413 1264 1646 1321 infinitae
1669 1266 1886 1337 adiungi
1907 1267 2039 1321 aliae
2061 1272 2367 1338 potuerunt:
2404 1284 2625 1337 quarum
2645 1269 2921 1341 plerasque

584 1351 641 1406 in
665 1351 807 1404 calce
838 1349 993 1404 huius
1027 1351 1196 1421 operis
1210 1390 1225 1416 ,
1259 1352 1315 1405 in
1345 1350 1491 1404 Fidei
1525 1350 1819 1406 Catholicae
1855 1351 2173 1423 Compendio
2206 1358 2513 1423 prosecutus
2537 1360 2630 1408 est.
2690 1356 2921 1408 Alterum

584 1436 684 1490 hoc
699 1437 755 1490 in
771 1436 985 1507 negotio
1003 1435 1436 1490 considerandum
1454 1443 1557 1502 est,
1582 1438 1821 1507 quamvis
1839 1455 2021 1493 omnes
2037 1439 2156 1492 illae
2173 1445 2345 1493 sectae
2362 1440 2495 1493 inter
2512 1441 2763 1493 Haereses
2782 1439 2922 1494 haud

584 1522 843 1576 immerito
867 1527 1198 1587 censeantur,
1230 1538 1565 1593 nequaquam
1587 1527 1766 1577 tamen
1782 1522 2071 1595 Epiphanio
2096 1526 2488 1595 octogenarium
2511 1526 2660 1579 illum
2682 1532 2922 1580 constare

585 1624 876 1662 numerum.
932 1606 1138 1660 Etenim
1159 1607 1215 1661 in
1234 1608 1512 1678 partitione
1533 1608 1653 1678 ipsa
1675 1615 1856 1662 contra
1878 1608 2139 1663 dividendi
2158 1616 2435 1681 praecepta
2464 1628 2572 1673 nou
2595 1610 2923 1665 mediocriter

583 1698 859 1765 peccatum
890 1697 995 1757 est,
1035 1708 1155 1746 cum
1185 1692 1437 1764 principio
1470 1694 1701 1765 quinque
1735 1699 1856 1749 ante
1888 1693 2150 1749 Christum
2183 1700 2443 1749 sectarum
2481 1696 2695 1767 fastigia
2733 1714 2921 1769 propo-

584 1784 800 1833 nuntur:
835 1775 1223 1843 Barbarismus,
1253 1776 1610 1849 Scythismus,
1642 1779 2019 1846 Helleuismus‚
2053 1780 2373 1848 Iudaismus,
2405 1781 2824 1847 Samaritismus3
2860 1799 2922 1836 ac

586 1863 768 1917 deinde
790 1864 1078 1934 posteriora
1101 1864 1202 1917 tria
1224 1879 1419 1934 genera
1439 1864 1495 1917 in
1520 1864 1650 1919 alias
1673 1865 1872 1938 species
1894 1866 2208 1921 tribuuntur.
2265 1866 2332 1920 Et
2360 1866 2694 1921 nihilominus
2727 1883 2923 1938 genera

586 1964 704 2003 cum
727 1948 973 2002 subiectis
998 1948 1101 2002 sibi
1123 1949 1358 2020 partibus
1383 1949 1606 2004 eundem
1627 1951 1682 2004 in
1705 1966 1981 2005 numerum
2004 1969 2367 2024 summamque
2391 1953 2748 2019 conferuntur,
2781 1952 2919 2024 quod

586 2041 665 2090 est
686 2035 742 2088 in
766 2034 1018 2087 divisione
1041 2034 1456 2090 vitiosissimum.
1513 2034 1694 2107 Neque
1718 2037 1857 2090 enim
1879 2053 2045 2109 genus
2070 2037 2190 2107 πρὸς
2215 2037 2277 2091 τὰ
2299 2036 2400 2105 εἴδη
2425 2036 2792 2109 ἀντιδιαιρεῖται.
2851 2036 2922 2091 Ut

584 2121 630 2174 si
653 2121 830 2174 anima
861 2120 1072 2191 vitaque
1104 2119 1398 2191 praeditum
1428 2138 1617 2193 corpus
1640 2122 1866 2193 primum
1887 2124 1942 2177 in
1966 2123 2159 2179 animal
2182 2139 2244 2177 ac
2266 2123 2502 2195 plantam
2524 2124 2770 2195 partiare:
2805 2127 2920 2177 tum

584 2206 777 2260 animal
798 2205 851 2259 iu
876 2210 1141 2271 terrestre,
1164 2207 1417 2276 aquatile,
1440 2207 1673 2261 volatile:
1709 2208 1943 2279 plantam
1965 2208 2018 2262 in
2043 2209 2258 2263 herbam
2279 2209 2542 2274 fruticem,
2577 2215 2631 2263 et
2652 2209 2918 2274 arborem;

584 2308 646 2345 ac
670 2291 850 2345 deinde
874 2291 1101 2344 collectis
1126 2292 1396 2358 omnibus,
1434 2298 1551 2346 octo
1586 2293 1813 2365 corporis
1846 2294 2061 2348 animati
2082 2302 2255 2367 partes
2278 2312 2394 2349 esse
2419 2296 2732 2361 constituas,
2767 2295 2918 2349 nimi·

582 2394 699 2431 rum
725 2377 946 2442 animal,
979 2376 1241 2447 plantam,
1277 2380 1517 2432 terrestre
1540 2379 1759 2444 animal,
1784 2380 2036 2450 aquatile,
2066 2381 2305 2446 volatile;
2339 2380 2579 2447 herbam,
2603 2380 2842 2434 fruticem
2866 2386 2921 2434 et

586 2464 838 2516 arborem.
884 2460 964 2515 Ita
987 2462 1127 2516 enim
1146 2464 1283 2517 iuter
1305 2462 1574 2519 divisionis
1598 2470 1773 2536 partes
1792 2480 1985 2535 genera
2001 2465 2137 2536 ipsa,
2162 2482 2295 2536 quae
2314 2466 2624 2531 dividuntur,
2648 2482 2919 2538 perperam

582 2546 794 2603 referas.
856 2546 1007 2613 Quod
1027 2548 1083 2601 in
1104 2548 1197 2601 illa
1217 2547 1501 2604 haereseon
1526 2550 1888 2604 distributione
1912 2551 2176 2604 commisit
2196 2550 2530 2623 Epiphanius.
2589 2550 2789 2625 Quippe
2813 2558 2918 2607 tres

581 2635 730 2701 illae,
756 2650 884 2706 quas
911 2634 1044 2700 dixi,
1066 2634 1441 2702 Hellenismus,
1465 2635 1784 2702 Iudaismus,
1809 2636 2224 2704 Samaritismus,
2260 2655 2381 2691 cum
2404 2639 2511 2692 suis
2535 2639 2768 2710 partibus
2793 2656 2917 2693 con-

463 2754 475 2767 ·
579 2723 787 2776 iunctae
810 2737 1071 2775 summam
1095 2720 1394 2779 conficiunt.
1456 2721 1603 2776 Unde
1625 2722 1893 2777 subductis
1917 2729 2053 2777 recte
2078 2723 2319 2778 omnibus
2334 2765 2347 2789 ,
2382 2742 2492 2779 xvn
2517 2723 2774 2777 duntaxat
2795 2730 2917 2779 ante

581 2806 870 2871 Christum,
906 2807 1145 2860 universe
1168 2823 1290 2861 vero
1315 2823 1498 2862 Lxxvn
1520 2808 1787 2874 haereses,
1823 2825 1929 2862 non
1962 2827 2103 2863 nxxx
2133 2816 2487 2865 numerantur.
2545 2808 2820 2863 Praeterea
2843 2829 2915 2864 xx

578 2893 808 2965 priorum
842 2890 1125 2946 haereseon
1159 2893 1322 2948 alium
1354 2895 1410 2947 in
1440 2892 1677 2965 Epistola
1706 2894 1771 2948 ad
1804 2894 2050 2950 Acacium
2083 2900 2135 2948 et
2162 2894 2382 2950 Paulum
2416 2895 2744 2967 presbyteros
2777 2902 2831 2949 et
2858 2896 2915 2951 in

576 2976 1041 3049 Anacephalaeosi,
1077 2994 1236 3049 quam
1257 2980 1314 3033 in
1336 2979 1450 3050 ipso
1475 2979 1696 3036 decursu
1719 2982 1913 3055 operis,
1950 2982 2184 3036 ordinem
2206 2981 2448 3036 instituit.
2507 2980 2915 3066 Utrumqueunos

577 3063 633 3117 in
656 3063 894 3134 sequenti
915 3064 1094 3117 tabula
1115 3066 1499 3134 proposuimus.
1592 3125 1603 3138 ‚

577 3217 687 3272 XX
707 3216 938 3287 priorum
961 3214 1248 3270 haereseon
1273 3216 1397 3272 ordo
1426 3219 1482 3272 in
1504 3219 1644 3275 Ana·
1797 3221 1904 3276 XX
1938 3222 2172 3293 priorum
2192 3220 2478 3275 haereseon
2514 3222 2638 3276 ordo
2662 3237 2733 3277 ex
2757 3239 2914 3296 opere

950 3282 1293 3356 cephalaeosi.
2239 3289 2461 3345 Panarii.

1036 3389 1081 3441 1.
1104 3385 1469 3442 Barbarismus
2221 3394 2265 3446 1.
2290 3391 2656 3447 Barbariamus

1034 3457 1084 3511 2.
1112 3455 1181 3509 Sc
1238 3454 1441 3511 hismus
2218 3461 2266 3515 2.
2291 3459 2360 3513 Sc
2460 3462 2472 3474 ‘
2505 3478 2623 3515 mus

1030 3524 1082 3580 3.
1105 3524 1185 3577 He
1225 3526 1456 3580 euismus
2214 3530 2266 3585 3.
2290 3529 2369 3582 He
2409 3530 2642 3588 enismus

1034 3594 1084 3650 4.
1111 3592 1404 3648 Iudaismus
2214 3599 2265 3652 4.
2287 3597 2583 3653 Iudaismus

1032 3663 1082 3718 5.
1110 3660 1505 3717 Samaritismus
2215 3666 2266 3721 5.
2294 3665 2459 3720 Stoici

1034 3730 1082 3786 6.
1105 3729 1147 3782 Ρ
1206 3728 1423 3812 hagorei
1791 3768 2098 3825 Bononiam
2216 3736 2264 3791 6.
2292 3735 2548 3789 Platonici
2587 3805 2598 3818 ⁸

627 3819 933 3888 nouem
1031 3797 1358 3923 saw
2214 3803 2602 3927 Q

1032 3937 1080 3990 9.
1104 3935 1146 3988 E
1183 3936 1345 3991 icurei
2215 3942 2263 3995 9.
2287 3940 2578 3994 Samaritae

1002 4004 1079 4059 10.
1157 4002 1358 4059 ortheni
2185 4009 2265 4063 10.
2290 4007 2477 4062 Esseni

577 4104 926 4159 Smmfismi
1002 4073 1079 4128 11.
1106 4071 1333 4155 Sebuaei
2185 4079 2263 4131 11.
2288 4077 2539 4158 Sebuaei·

959 4011 1342 4265 {wa
2185 4144 2543 4268 {aggae

1001 4415 1078 4468 16.
1103 4414 1393 4468 Sadducaei
2183 4418 2260 4472 16.
2284 4416 2547 4473 Pharisaei

1002 4484 1080 4539 17.
1106 4483 1588 4565 Hemerobaptistae
2183 4487 2259 4542 17.
2284 4487 2766 4560 Hemerobsptistae

1003 4551 1081 4674 its).
1108 4552 1378 4703 3322&-

999 4687 1081 4743 20.
1102 4689 1383 4746 Herodiam

2182 4554 2259 4608 18.
2283 4555 2530 4610 Nazaraei

2181 4623 2258 4679 19.
2285 4625 2470 4678 Osseni

856 4293 861 4302 ·
1003 4280 1081 4333 14.
1106 4278 1320 4332 Scribae
1653 4323 1658 4330 ,
2185 4282 2263 4337 14.
2290 4281 2579 4337 Sadducaei
2665 4341 2666 4344 ,

1001 4345 1079 4400 15.
1102 4344 1368 4400 Pharisaei
2185 4349 2262 4404 15.
2290 4351 2503 4404 Scribae

682 4481 930 4537 Iudaismi
952 4283 983 4753 ἶ
1856 4486 2103 4541 Iudaismi
2132 4291 2162 4759 ἱ

2177 4691 2259 4747 20.
2280 4693 2561 4750 Herodiaui
