3185 5219
2393 427 2584 486 CXVII

240 574 431 630 menfls
453 577 738 647 approbat.
792 576 935 630 Adde
967 577 1109 649 quod
1130 578 1387 633 Eusebius
1410 581 1681 651 Augustus
1715 596 1853 634 anno
1887 581 2248 652 imputatur,
2281 601 2489 639 menses
2511 603 2585 652 vr,

194 673 199 686 ·
239 661 336 715 hoc
370 668 457 714 est
486 661 803 717 inchoatum
826 680 953 718 nvn.
1024 662 1195 730 Quare
1229 681 1350 718 cum
1385 666 1654 736 Augustus
1685 683 1824 720 anno
1858 666 2012 721 Urbis
2035 667 2152 721 767.
2177 668 2380 723 duobus
2404 670 2584 725 Sextis

239 762 369 802 coss.
392 755 640 803 mortuus
679 748 773 814 sit,
806 766 913 803 ιιι
938 747 1053 804 Kal.
1080 749 1223 821 Sept.
1246 765 1416 804 annus
1450 751 1589 822 apud
1612 751 1899 807 Eusebium
1933 753 2400 824 quinquagesimus
2429 758 2584 827 septi·

236 850 355 888 mus
380 849 415 887 a
437 835 642 890 Martio
666 833 845 888 debuit
863 834 1113 905 incipere,
1138 835 1358 906 ideoque
1380 837 1580 907 primus
1605 837 1785 890 incidit
1806 838 1861 891 in
1886 837 2040 891 Urbis
2059 838 2175 894 711.
2211 839 2389 911 Itaque
2413 857 2582 895 annus

234 922 467 992 Augusti
484 938 616 975 un.
645 919 821 990 coepit
840 917 994 973 Urbis
1018 936 1157 975 anno
1176 921 1309 987 752„
1331 921 1533 976 Iuliano
1557 940 1701 977 xuv,
1724 921 1978 994 Iosephus
2000 939 2122 977 vero
2145 924 2254 978 l.11.
2281 926 2343 978 de
2365 925 2583 980 Excidio

236 1022 350 1079 cap.
372 1025 521 1071 vm„
549 1022 671 1061 cum
692 1005 898 1076 imperii
918 1022 1085 1061 annos
1108 1013 1352 1061 numerat
1370 1025 1506 1073 sm,
1539 1024 1747 1064 menses
1765 1027 1844 1073 vr,
1877 1009 1987 1062 dies
2005 1028 2072 1074 rr,
2109 1010 2215 1063 ab
2199 1027 2313 1081 ipso
2338 1025 2476 1066 anno
2498 1012 2582 1066 Iu·

232 1093 407 1148 lianae
431 1092 607 1147 caedis
634 1090 847 1156 orditur,
872 1096 926 1145 et
950 1092 1159 1162 quidem
1181 1098 1391 1164 postero
1410 1094 1493 1147 die
1515 1094 1583 1148 ab
1600 1093 1779 1148 Idibus
1795 1095 2014 1149 Martiis.
2049 1094 2371 1166 Epiphanius
2389 1103 2583 1164 autem,

232 1179 327 1250 qui
343 1194 487 1233 anno
507 1176 714 1231 Iuliano
732 1193 874 1231 urv-
898 1185 1083 1232 natum
1104 1180 1419 1234 salvatorem
1442 1179 1684 1245 credidit,
1708 1198 1820 1234 vm.
1833 1179 2028 1235 Id.1an.
2052 1194 2189 1234 anno
2208 1180 2434 1252 Augusti
2452 1201 2579 1237 xm.

232 1266 447 1320 initium
473 1264 587 1318 eius
615 1263 802 1316 statuit
826 1262 1032 1320 Iuliano
1051 1265 1202 1318 tertio
1214 1306 1228 1330 ,
1248 1263 1401 1319 Urbis
1415 1265 1532 1321 711.
1571 1265 1729 1335 Atqui
1746 1265 1982 1319 nondum
1999 1283 2127 1320 un.
2144 1266 2384 1320 Ianuario
2401 1285 2583 1322 mense

231 1350 514 1406 inchoatus
539 1348 733 1404 iuerat.
782 1348 863 1401 Ita
884 1353 980 1404 est.
1030 1349 1135 1403 Sed
1158 1345 1284 1402 κατὰ
1307 1349 1553 1421 πρόληψιν
1588 1350 1876 1404 secundum
1910 1357 1962 1405 et
1997 1351 2456 1422 quadragesimum
2488 1370 2581 1406 an-

230 1454 361 1492 num
398 1452 432 1490 a
464 1435 586 1490 Kal.
612 1431 725 1488 lan.
756 1433 977 1504 incepit,
1011 1435 1151 1506 quod
1180 1437 1445 1507 plerisque
1475 1436 1816 1507 scriptoribus
1848 1436 1965 1489 aliis
1998 1443 2080 1490 est
2107 1437 2375 1492 familiare.
2445 1438 2579 1493 Nam
2633 1455 2675 1494 1³·
2695 1445 2781 1487 1³1·

232 1523 376 1595 quod
409 1522 479 1576 ab
502 1519 663 1574 Urbis
695 1535 834 1572 anno
858 1519 999 1585 711.,
1033 1520 1237 1575 Iuliano
1260 1521 1337 1586 3.,
1372 1522 1600 1592 Augusti
1629 1536 1797 1575 annos
1830 1527 2121 1593 computet,
2156 1528 2465 1593 argumento
2502 1531 2583 1578 est

231 1609 517 1680 temporis,
554 1622 660 1677 que
696 1604 995 1675 imperavit,
1030 1606 1122 1660 illa
1153 1607 1389 1677 partitio,
1423 1623 1527 1677 qua
1558 1607 1787 1678 primum
1820 1624 1987 1661 annos
2021 1607 2271 1662 tredecim
2293 1609 2580 1679 imperasse

230 1695 444 1760 scribit,
469 1689 621 1764 πρινὴ
645 1688 731 1757 τὴν
754 1687 996 1743 Ἰουδαίαν
1020 1692 1318 1763 συναφθῆναι
1340 1691 1537 1753 τελείως
1560 1690 1852 1764 Ῥωμαίοις,
1878 1692 2017 1763 quod
2039 1709 2178 1748 anno
2203 1694 2278 1747 illi
2300 1695 2391 1765 qui
2407 1696 2579 1749 Actia-

229 1799 350 1836 cam
374 1778 655 1834 victoriam
687 1780 895 1830 secutus
929 1782 1011 1831 est
1040 1779 1301 1848 congruit.
1348 1779 1549 1832 Iuliano
1574 1779 1774 1833 scilicet
1795 1797 1903 1834 ιη
1952 1778 2302 1842 Quamobrem
2324 1797 2358 1833 a
2379 1780 2577 1835 Iuliano

230 1869 386 1922 tertio
412 1865 481 1919 ad
499 1862 762 1917 decimum
780 1862 1022 1932 quintum
1047 1865 1171 1917 anni
1193 1863 1439 1918 tredecim
1463 1865 1719 1928 existunt3
1745 1865 1934 1934 quibus
1966 1864 2129 1918 additi
2156 1883 2283 1920 mx
2316 1882 2577 1921 summam

227 1973 345 2009 χιιι
370 1949 681 2012 conficiunt,
714 1963 937 2017 quorum
957 1955 1253 2019 postremus
1276 1968 1418 2006 mv.
1441 1949 1643 2004 Iuliano
1667 1950 1850 2020 incipit
1879 1957 1934 2002 et
1963 1950 2172 2020 quidem
2205 1967 2276 2004 ex
2311 1967 2359 2008 a.
2385 1952 2436 2008 d.
2462 1953 2577 2009 Kal.

226 2041 363 2104 Ian„
388 2043 451 2091 ut
474 2036 683 2089 dictum
706 2038 801 2086 est.
848 2033 1017 2097 Quam
1040 2036 1376 2089 oUcaussam
1410 2053 1549 2090 anuo
1572 2036 1800 2105 Augusti
1821 2053 1929 2090 ur.
1952 2037 2127 2106 potius
2151 2052 2311 2107 quam
2334 2056 2461 2092 xur.
2486 2055 2577 2092 na-

228 2127 353 2180 talis
378 2121 579 2179 Christi
600 2118 952 2189 assignandus
974 2120 1077 2174 fnit
1107 2137 1226 2175 cum
1247 2121 1488 2189 Irenaeo,
1521 2121 1865 2186 Tertulliano,
1890 2120 2006 2174 aliis
2031 2123 2401 2193 compluribus,
2449 2122 2576 2177 Cae-

227 2219 404 2266 terum
428 2209 572 2263 idem
593 2204 681 2259 ille
705 2220 872 2258 annus
895 2211 1016 2276 post
1038 2207 1303 2261 Actiacam
1324 2208 1598 2262 victoriam
1622 2213 1702 2260 est
1725 2224 1911 2261 xxvm.
1957 2207 2198 2261 Actiacos
2234 2210 2374 2262 euim
2409 2225 2575 2264 anuos

225 2296 461 2369 Aepypti
483 2306 761 2348 numerare
785 2297 1071 2362 coeperunt
1092 2308 1126 2346 a
1145 2292 1347 2348 Iuliano
1371 2311 1499 2357 xvi„
1524 2292 1678 2347 Urbis
1697 2292 1814 2372 724.
1846 2291 2032 2363 Itaque
2054 2293 2335 2347 vicesimus
2360 2302 2575 2349 octavus

226 2383 405 2454 eoepit
423 2380 633 2434 Iuliano
655 2394 831 2443 xum„
863 2376 1106 2448 idemque
1137 2384 1191 2432 et
1223 2388 1473 2449 sequente
1502 2378 1731 2444 Iuliano,
1765 2394 1867 2448 quo
1901 2383 2055 2432 natus
2090 2384 2170 2432 est
2201 2396 2270 2432 ex
2296 2379 2574 2452 Epiphanii

226 2467 497 2524 sententia
519 2462 786 2528 Christus,
820 2462 1047 2517 Ianuarii
1072 2483 1140 2518 vr.
1175 2462 1345 2518 adhuc
1375 2466 1432 2518 in
1466 2481 1623 2518 cursu
1655 2470 1791 2528 erat,
1824 2481 1983 2535 quem
2003 2464 2092 2518 ille
2115 2471 2291 2519 tamen
2313 2484 2460 2520 xxrx.
2484 2485 2574 2538 ap-

226 2555 415 2629 pellat3
442 2549 614 2624 quod,
636 2549 741 2603 nisi
761 2549 932 2616 fallor,
955 2554 1137 2604 contra
1159 2556 1316 2622 atque
1334 2550 1676 2605 Alexandrini
1694 2555 2074 2603 consueverant
2096 2566 2129 2602 a
2143 2550 2258 2605 Kal.
2271 2552 2383 2605 Ian.
2401 2553 2574 2624 auspi-

226 2648 391 2697 cetur.
426 2638 613 2708 Neque
636 2652 758 2690 vero
783 2652 1001 2690 caussae
1026 2637 1305 2707 quicquam
1328 2637 1429 2691 fuit
1450 2654 1543 2691 cur
1564 2638 1624 2690 in
1639 2637 1930 2690 Annalibus
1948 2636 2087 2692 Eccl.
2108 2638 2299 2690 mirum
2317 2637 2575 2692 videretur

228 2727 371 2800 quod
394 2725 641 2780 Clemens
667 2727 718 2775 et
739 2721 994 2776 Eusebius
1017 2724 1084 2776 ab
1108 2723 1325 2776 Actiaca
1344 2737 1526 2793 pugna
1549 2737 1717 2776 annos
1740 2722 1808 2775 ad
1830 2723 2061 2776 natalem
2086 2721 2286 2775 domini
2307 2730 2572 2795 computa-

226 2820 344 2869 rent
364 2828 571 2874 nun,
605 2814 699 2862 aut
728 2808 868 2878 quod
889 2808 1147 2862 Eusebius
1177 2809 1234 2862 in
1266 2806 1521 2862 chronicis
1544 2809 1830 2862 Antonium
1860 2813 1913 2860 et
1936 2807 2267 2877 Cleopatram
2291 2808 2572 2861 debellatos

226 2897 501 2970 scripserit
533 2911 671 2949 anno
705 2895 858 2948 tertio
894 2894 1099 2964 Olymp.
1119 2910 1415 2959 csxxxvn„
1451 2910 1570 2947 cum
1607 2908 1670 2946 ea
1702 2893 1922 2947 victoria
1956 2909 2094 2947 anno
2129 2891 2283 2945 Urbis
2320 2893 2574 2947 accideret

227 2985 377 3050 723„
412 2984 655 3052 Augusto
677 2998 759 3036 m.
785 2987 840 3033 et
858 2980 1089 3035 Messala
1110 2996 1274 3045 coss.‚
1308 2978 1632 3050 Olympiadis
1665 2994 1803 3033 anno
1838 2979 2005 3032 tertio.
2054 2977 2189 3031 Nam
2211 2979 2406 3032 Actiaci
2431 2981 2571 3045 anni,

227 3071 423 3143 quibus
448 3067 693 3122 Clemens
715 3070 871 3136 atque
893 3064 1150 3120 Eusebius
1172 3066 1257 3119 usi
1278 3070 1425 3131 sunt,
1459 3082 1563 3119 non
1601 3064 1668 3119 ab
1699 3064 1816 3136 ipso
1851 3079 1988 3118 anno
2022 3065 2078 3117 in
2113 3076 2269 3134 quem
2301 3080 2480 3135 pugna
2510 3082 2573 3119 ac

223 3155 449 3211 victoria
473 3151 686 3217 cecidit,
709 3152 802 3205 sed
824 3168 858 3204 a
879 3153 1119 3222 sequenti
1141 3153 1355 3225 ineunt.
1373 3150 1699 3221 Olympiadis
1719 3166 1991 3207 cunm.
2015 3151 2167 3204 tertio
2182 3189 2196 3215 ,
2221 3155 2344 3220 post
2359 3151 2573 3206 Antonii

225 3250 279 3297 et
301 3241 615 3310 Cleopatrae
638 3254 837 3293 necem.
885 3236 1034 3291 Unde
1066 3254 1234 3291 annos
1258 3237 1483 3308 Augusti
1513 3238 1751 3308 plerique
1783 3244 1907 3291 sunt
1942 3237 2143 3302 exorsi,
2176 3238 2264 3307 qui
2299 3242 2573 3308 propterea

224 3345 370 3384 anno
394 3325 625 3396 Augusti
646 3342 832 3378 xxvm.
857 3332 1039 3378 natum
1062 3323 1240 3377 dixere
1264 3322 1543 3378 Christum.
1590 3323 1903 3394 Quanquam
1935 3323 1992 3376 iu
2027 3339 2087 3376 eo
2113 3323 2325 3394 negotio
2353 3321 2571 3393 diligen-

225 3422 303 3469 ter
318 3410 569 3467 habenda
584 3410 716 3465 ratio
734 3415 839 3474 est,
864 3409 988 3480 quid
1005 3411 1283 3481 scriptores
1300 3410 1356 3462 in
1376 3409 1618 3463 Actiacae
1635 3409 1882 3463 victoriae
1900 3406 2099 3479 epocha
2115 3409 2571 3462 commemoranda

225 3500 329 3554 sibi
356 3496 631 3551 voluerint.
676 3495 814 3551 Nam
837 3512 959 3550 cum
984 3496 1233 3549 Actiacos
1257 3513 1415 3548 annos
1436 3496 1762 3566 exprimunt,
1797 3511 1830 3548 a
1851 3494 2053 3548 Iuliano
2077 3512 2210 3560 xva,
2247 3495 2337 3565 qui
2359 3495 2571 3547 Actiaca

224 3584 448 3640 victoria
476 3582 734 3654 posterior
768 3589 870 3648 est,
905 3581 1177 3653 incipiunt.
1233 3580 1332 3635 Sin
1364 3581 1431 3633 ab
1455 3582 1670 3634 Actiaca
1690 3580 1907 3634 victoria
1929 3586 2009 3634 tot
2031 3595 2198 3633 annos
2223 3581 2428 3650 elapsos
2454 3597 2568 3632 esse

227 3672 436 3736 dicant,
474 3669 542 3722 ab
575 3669 802 3739 ipsomet
832 3683 1043 3739 pugnae
1077 3667 1280 3721 navalis
1314 3682 1451 3719 anno
1496 3666 1693 3719 ducunt
1727 3666 1950 3718 initium.
2022 3663 2276 3728 Quocirca
2308 3665 2567 3718 immerito

225 3756 502 3827 scaligero
536 3760 748 3808 notatur
779 3754 1161 3807 eruditissimus
1197 3751 1471 3817 onufr-ius,
1508 3750 1649 3821 quod
1682 3767 1801 3804 cum
1835 3755 2019 3803 natum
2052 3767 2166 3804 esse
2192 3749 2454 3804 Christum
2487 3766 2568 3803 as-

224 3842 482 3897 seruisset
513 3841 755 3911 Augusto
792 3858 907 3895 xm.
950 3845 1005 3893 et
1036 3839 1250 3892 Silvano
1283 3853 1418 3891 coss.
1452 3839 1557 3907 (est
1584 3836 1670 3888 hic
1700 3851 1871 3889 annus
1901 3834 2135 3889 Iulianus
2162 3854 2328 3900 ειη,
2361 3836 2565 3905 Olymp.

226 3943 412 3984 cxcrv.
433 3926 645 3994 tertius)
669 3925 894 3980 eundem
916 3924 1070 3979 Urbis
1095 3940 1210 3977 esse
1241 3922 1483 3977 statuerit
1504 3921 1647 3987 752„
1679 3921 1950 3974 Actiacum
1974 3920 2056 3974 30.
2126 3921 2380 3991 Scaligeri
2410 3921 2569 3973 verba

223 4018 354 4068 sunt
373 4013 466 4067 lib.
487 4030 559 4067 vr.
587 4011 650 4065 de
673 4011 918 4066 Emend.:
944 4011 1085 4065 Nam
1109 4013 1420 4063 verissimum
1445 4018 1516 4060 est
1539 4009 1852 4061 consulatum
1869 4007 2095 4075 Anqusti
2110 4024 2223 4060 1111.
2249 4009 2568 4058 concurrisse

224 4118 338 4153 cum
365 4117 499 4151 anno
525 4100 672 4151 tertio
702 4097 894 4167 Olymp.
914 4111 1092 4151 exciit.
1158 4094 1264 4147 Sed
1295 4112 1402 4147 eum
1435 4112 1622 4146 annum
1655 4093 1902 4145 Palilium
1935 4088 2377 4145 Varronianorum
2394 4094 2565 4160 fuisse

228 4184 384 4250 752„
409 4193 461 4236 et
478 4186 759 4236 Actiacum
781 4181 899 4247 30„
923 4182 1018 4235 ltoc
1040 4181 1370 4251 verosalsum
1394 4189 1481 4233 est.
1537 4177 1644 4231 Uno
1668 4182 1798 4230 enim
1822 4196 1955 4230 anno
1974 4179 2093 4247 plus
2117 4179 2260 4231 dicit.
2307 4175 2411 4228 Sed
2433 4174 2562 4230 haec

222 4288 348 4326 cum
371 4269 627 4324 scriberet
643 4269 872 4340 vigilans
895 4268 1195 4322 somniabat
1215 4266 1464 4336 Scaliger.
1524 4261 1666 4316 Nihil
1688 4263 1830 4317 enim
1852 4263 2042 4317 certius
2066 4267 2147 4315 est
2169 4277 2328 4332 quam
2351 4278 2418 4313 ex
2435 4261 2563 4314 Var-

223 4358 370 4413 ronis
406 4356 676 4427 ipsiusque
725 4354 855 4408 adeo
888 4352 1144 4423 Scaligeri
1172 4352 1374 4404 ratione
1408 4350 1737 4404 consulatum
1770 4348 2000 4419 Augusti
2032 4366 2146 4400 xm.
2183 4352 2234 4400 et
2265 4345 2466 4400 Silvani
2497 4346 2563 4400 ad

224 4458 425 4496 annum
459 4440 616 4495 Urbis
641 4438 756 4494 752.
791 4439 1074 4511 pertinere,
1108 4437 1371 4492 Iulianum
1394 4452 1568 4500 nm,
1601 4451 1711 4506 per.
1743 4434 1839 4490 Iul.
1866 4432 2018 4486 4712.
2039 4473 2052 4498 ,
2087 4432 2234 4501 cyclo
2269 4433 2397 4485 solis
2433 4450 2562 4498 ιιι,

223 4529 541 4592 lauaem,
574 4525 751 4581 indict.
770 4544 828 4581 11.
875 4525 972 4579 Est
994 4525 1153 4577 etiam
1175 4521 1260 4576 hic
1291 4537 1459 4575 annus
1492 4520 1559 4573 ab
1583 4520 1796 4573 Actiaca
1827 4533 2008 4590 pugna
2037 4518 2360 4584 tricesimus,
2392 4518 2438 4571 si
2470 4535 2562 4572 an-

223 4630 354 4667 num
385 4613 565 4684 ipsum
594 4626 803 4683 pugnae
835 4611 1067 4682 primum
1099 4624 1358 4663 numeres.
1425 4605 1608 4677 Neque
1637 4622 1759 4660 vero
1781 4605 2061 4656 Actiacum
2086 4621 2270 4655 annum
2293 4622 2418 4660 xxx.
2446 4620 2561 4659 esse

226 4699 363 4755 dixit
388 4697 670 4763 onustius,
693 4697 784 4752 sed
797 4705 923 4768 post
940 4697 1223 4750 Actiacam
1243 4696 1541 4758 victoriam,
1564 4690 1667 4746 hoc
1688 4695 1770 4747 est
1789 4688 2059 4745 Actiacum
2081 4707 2227 4746 xxxx.
