3185 5219
588 394 679 450 cn

589 550 702 615 Quo
738 550 823 617 fit,
853 555 917 603 ut
945 550 991 604 si
1021 555 1158 604 retro
1190 549 1436 620 progredi
1457 549 1709 615 volueris,
1741 565 1910 604 annus
1941 551 2140 622 primus
2174 552 2306 621 cycli
2329 552 2636 622 Dionysiani
2672 552 2920 623 proxime

589 635 961 690 incarnationis
986 651 1046 688 ac
1068 635 1355 688 nativitatis
1379 650 1574 688 annum
1598 636 1887 706 praecedat.
1924 637 2068 689 Idem
2088 638 2144 690 in
2163 636 2418 708 Computo
2442 654 2556 710 cap.
2575 654 2706 691 xvu.
2727 638 2922 709 repetit

589 722 759 786 Beda,
785 726 837 775 et
858 737 925 774 ne
949 737 1053 790 qua
1074 720 1327 774 dubitatio
1350 723 1518 791 possit
1540 737 1656 774 esse
1671 763 1684 786 ,
1708 728 1877 776 certos
1902 721 2222 776 characteres
2245 722 2409 788 addit,
2433 724 2627 794 quibus
2651 722 2919 776 secundus

589 807 676 861 ille
700 823 867 860 annus
890 807 1020 876 cycli
1041 807 1107 859 ab
1131 806 1245 859 aliis
1270 805 1592 860 discernitur.
1639 808 1812 861 Veluti
1835 808 1974 878 quod
1997 814 2204 879 epactas
2226 807 2466 863 habuerit
2485 827 2567 874 ιι,
2601 824 2921 862 concurren-

591 899 669 945 tes
694 911 742 958 v,
765 892 889 945 luna
910 892 1035 946 item
1057 909 1165 944 xiv.
1188 892 1242 944 in
1268 910 1381 945 vm.
1398 891 1511 944 Kal.
1531 893 1684 963 Apr.,
1709 893 1969 947 dominica
1988 910 2109 948 vero
2131 893 2391 965 paschalis
2415 914 2484 949 vr.
2492 894 2766 965 KatApr„
2791 895 2922 947 luna

590 997 696 1033 xvr.
744 978 838 1031 Est
859 978 999 1030 enim
1018 976 1103 1029 hic
1128 993 1297 1030 annus
1321 993 1472 1030 aerae
1495 980 1785 1032 communis
1807 979 2031 1050 primus,
2061 981 2209 1049 cyclo
2233 981 2359 1033 solis
2383 999 2461 1046 r.‚
2493 982 2651 1035 lunae
2677 998 2761 1044 u.,
2797 995 2923 1050 epa-

590 1069 702 1116 ctae
725 1077 826 1128 xr.,
851 1068 1213 1117 concurrentes
1238 1082 1286 1115 v.
1332 1063 1668 1117 Novilunium
1689 1065 1919 1119 medium
1949 1081 2016 1119 ex
2039 1065 2248 1119 Frisicis
2270 1066 2478 1119 Mulieri
2499 1065 2714 1119 Tabulis
2738 1065 2924 1119 Martii

589 1166 702 1202 xm.
725 1147 855 1202 hora
876 1149 927 1214 7,
949 1148 1030 1212 59,
1056 1147 1139 1214 39,
1162 1154 1283 1219 post
1303 1147 1438 1203 med.
1460 1154 1690 1214 noctem,
1723 1149 1851 1203 luna
1871 1167 2003 1215 ιη,
2035 1150 2211 1204 Martii
2233 1169 2399 1208 nn:
2434 1152 2526 1204 sed
2550 1152 2618 1204 ob
2641 1149 2922 1222 προήγησιν

588 1233 831 1287 Nicaenis
853 1234 1201 1304 temporibus,
1224 1233 1289 1287 ad
1313 1247 1445 1304 quae
1463 1234 1747 1303 Dionysius
1769 1236 1975 1304 cyclum
1992 1253 2146 1290 suum
2167 1237 2366 1307 dirigit,
2390 1237 2717 1290 novilunium
2741 1235 2926 1290 Martii

588 1337 708 1384 111„
742 1319 868 1373 luna
892 1337 1024 1384 nv„
1058 1319 1234 1372 Martii
1254 1336 1402 1384 xxv„
1435 1320 1545 1372 sive
1568 1337 1680 1376 vm.
1702 1320 1814 1374 Kal.
1837 1322 1982 1392 Apr„
2017 1323 2092 1376 lit.
2112 1321 2354 1376 domimo.
2384 1322 2446 1378 Β
2491 1322 2716 1377 Proinde
2738 1322 2924 1376 Martii

588 1422 754 1460 xxvrr.
782 1405 1057 1460 dominica.
1092 1405 1228 1460 Hinc
1251 1409 1332 1458 est
1352 1405 1515 1474 quod,
1539 1411 1601 1459 ut
1621 1406 1799 1460 scribit
1814 1405 1982 1473 Beda,
2007 1407 2289 1478 Dionysius
2308 1408 2374 1462 ad
2390 1407 2698 1462 methodum
2713 1408 2924 1462 decem·

589 1491 895 1545 novennalis
919 1491 1069 1543 annis
1094 1489 1291 1544 domini
1326 1506 1487 1544 unum
1517 1491 1673 1545 adiici
1702 1492 1873 1558 iubet,
1905 1496 2204 1563 siymficam
2225 1495 2315 1545 illo
2340 1498 2615 1547 incarnato
2637 1513 2792 1546 uuum
2818 1499 2924 1546 cir·

591 1577 698 1627 culi
713 1577 1176 1629 decemnovennalis
1198 1594 1379 1629 annum
1405 1580 1688 1645 iamsuisse
1711 1579 2021 1647 completum.
2059 1576 2257 1642 Quibus
2281 1596 2347 1632 ex
2372 1577 2546 1634 Bedae
2570 1579 2926 1650 Dionysiique

588 1661 759 1714 verbis
792 1662 1037 1714 vitiosam
1068 1661 1506 1732 Dionysianorum
1539 1663 1804 1732 cyclorum
1836 1661 2233 1734 descriptionem
2264 1680 2378 1717 esse
2409 1670 2576 1734 patet,
2608 1680 2749 1735 quae
2782 1662 2927 1735 apud

526 1774 539 1790 ·
592 1746 814 1799 eundem
839 1745 1037 1800 Bedam
1060 1751 1203 1800 tomo
1226 1766 1263 1803 1.
1288 1748 1558 1819 reperitur.
1615 1747 1693 1800 Ibi
1728 1748 1868 1801 enim
1900 1764 2037 1801 anno
2068 1750 2235 1819 primo
2267 1750 2416 1803 litera
2435 1750 2479 1803 E
2511 1750 2745 1821 ponitur,
2783 1766 2927 1804 anno

592 1831 844 1897 secundo,
878 1831 923 1883 D
938 1872 950 1896 ,
976 1831 1030 1887 C.
1077 1832 1235 1902 Atqui
1258 1834 1456 1902 primus
1480 1848 1649 1886 annus
1674 1833 1807 1903 cycli
1827 1832 2135 1903 Dionysiani
2159 1835 2416 1888 bisextilis
2451 1840 2556 1901 est,
2589 1852 2699 1889 non
2732 1851 2926 1890 secun·

592 1916 712 1980 dus,
737 1917 828 1988 qui
851 1916 1008 1970 habet
1029 1917 1230 1971 literam
1256 1917 1316 1983 B,
1341 1920 1419 1972 uti
1439 1919 1579 1989 prior
1603 1917 1666 1984 D,
1685 1917 1743 1973 C.
1781 1919 1901 1972 Ideo
1923 1921 2108 1973 merito
2131 1916 2276 1973 Beda
2298 1921 2524 1974 correxit
2541 1928 2599 1974 et
2619 1922 2930 1975 bisextilem

591 2002 725 2072 cycli
756 2003 983 2073 primum
1018 2019 1210 2056 annum
1243 2020 1358 2058 esse
1381 2004 1561 2059 voluit.
1634 2002 1943 2074 Quanquam
1977 2006 2232 2076 suspicari
2261 2007 2379 2060 licet
2401 2006 2716 2077 Dionysium
2752 2008 2927 2079 primo

591 2103 789 2141 annum
805 2089 1033 2170 natalem
1050 2089 1105 2142 in
1122 2089 1331 2142 tertium
1351 2087 1557 2160 Olymp.
1574 2104 1751 2144 cxcrv.
1771 2091 2128 2143 conficientem
2156 2099 2291 2145 recte
2318 2091 2597 2146 adnotasse
2614 2095 2929 2164 proximum

592 2173 741 2226 illum
765 2178 884 2226 ante
911 2175 1204 2228 bisextilem
1226 2175 1414 2244 fuisse,
1446 2176 1598 2245 eique
1628 2181 1904 2246 propterea
1933 2177 2136 2230 literam
2159 2176 2201 2229 E
2223 2178 2489 2243 tribuisse,
2521 2185 2712 2248 postea
2743 2185 2928 2233 tamen

591 2257 967 2313 hallucinatum
999 2262 1226 2314 natalem
1261 2261 1610 2314 summovisse
1644 2260 1698 2313 in
1722 2276 1917 2314 annum
1940 2279 2007 2315 rv.
2035 2261 2237 2332 Olymp.
2262 2264 2519 2329 eiusdem,
2543 2253 2638 2317 *el
2673 2270 2819 2318 certe
2855 2266 2928 2318 al·

592 2349 756 2397 teram
777 2346 1070 2416 quempiam
1094 2345 1433 2417 adscripsisse
1454 2346 1656 2399 literam
1672 2345 1739 2411 E,
1766 2362 1920 2416 quam
1943 2349 2217 2401 convenire
2241 2355 2421 2402 nosset
2441 2365 2581 2403 anno
2599 2367 2681 2403 m.
2709 2349 2926 2421 Olymp.

594 2445 796 2496 cxciv„
822 2431 904 2484 cui
926 2430 1210 2501 Dionysius
1234 2433 1462 2485 natalem
1486 2431 1872 2501 assignaverat,
1904 2448 1999 2485 nec
2024 2432 2303 2487 advertisse
2335 2435 2509 2487 minus
2539 2433 2642 2489 hoc
2675 2435 2744 2488 ad
2767 2452 2927 2490 suum

591 2515 887 2569 institutum
913 2517 1179 2586 quadrare.
1218 2516 1489 2587 Utcunque
1506 2531 1631 2570 vero
1656 2516 1919 2582 ceciderit,
1943 2535 2037 2571 nos
2062 2533 2235 2572 aeram
2253 2518 2630 2590 Dionysianam
2655 2537 2767 2575 uno
2792 2523 2930 2576 anti-

593 2601 826 2672 cipamus
853 2618 1018 2668 anno,
1041 2608 1095 2656 et
1116 2620 1272 2675 quem
1294 2604 1381 2657 ille
1404 2602 1774 2680 incarnationis
1799 2608 1852 2656 et
1872 2603 2154 2658 nativitatis
2178 2622 2374 2659 annum
2398 2623 2510 2659 esse
2527 2606 2722 2673 voluit,
2744 2608 2928 2679 proxi-

592 2704 738 2742 mum
773 2705 806 2741 a
838 2690 1107 2743 nativitate
1142 2690 1505 2744 constituimus
1538 2689 1677 2760 qued
1711 2664 2120 2761 imprudentibus
2153 2690 2303 2743 nobis
2329 2692 2580 2763 obrepsit.
2621 2691 2761 2746 Cum
2783 2695 2931 2748 enim

592 2774 814 2827 maiores
837 2776 1002 2828 nostri
1024 2791 1190 2830 annos
1215 2777 1282 2830 ab
1304 2776 1658 2829 incarnatione
1681 2780 2035 2840 numerarent,
2057 2782 2240 2845 postea
2259 2775 2458 2829 factum
2481 2782 2589 2842 est,
2623 2783 2686 2831 ut
2715 2780 2812 2848 qui
2835 2796 2931 2833 na·

592 2860 792 2913 tivitate
814 2862 989 2931 potius
1012 2861 1220 2915 initium
1242 2866 1471 2932 repetere
1490 2861 1705 2927 vellent,
1729 2876 1849 2914 cum
1867 2877 1920 2913 rx
1943 2876 2151 2915 menses
2171 2860 2436 2915 detrahere
2454 2863 2733 2929 deberent,
2756 2865 2931 2919 tribus

594 2951 913 2999 antevertere
934 2947 1237 3012 maluerint,
1262 2954 1313 2999 et
1335 2948 1401 3000 ab
1424 2964 1486 3001 eo
1510 2947 1698 3012 natali,
1725 2947 1815 3016 qui
1835 2946 2203 3001 incarnationis
2226 2947 2477 3018 epocham
2494 2949 2786 3014 antecedit,
2819 2967 2932 3005 non

595 3032 661 3084 ab
686 3049 745 3085 eo
783 3033 873 3102 qui
904 3034 1151 3102 sequitur,
1183 3033 1493 3087 numerandi
1523 3032 1835 3104 principium
1869 3032 2129 3088 duxerint.
2176 3033 2407 3086 Tametsi
2423 3034 2818 3089 vetustissimus
2843 3035 2931 3091 hie

595 3133 735 3170 error
766 3122 846 3168 est
875 3117 1105 3188 adeoque
1137 3117 1374 3187 Dionysii
1403 3119 1569 3188 ipsius
1603 3134 1664 3170 ac
1687 3116 1875 3171 Bedae.
1922 3119 2055 3171 Hinc
2082 3119 2174 3171 illa
2193 3118 2336 3171 velut
2365 3134 2433 3172 ex
2465 3120 2670 3190 tripode
2692 3138 2931 3192 pronun-

594 3202 734 3255 ciata
756 3204 1035 3255 sententia:
1084 3204 1257 3257 Habet
1279 3208 1430 3267 enim,
1454 3205 1752 3272 nisisallor,
1777 3205 2023 3256 ecclesiae
2033 3205 2194 3273 fides,
2232 3206 2478 3256 dominum
2501 3209 2559 3257 in
2582 3223 2747 3259 carae
2759 3210 2932 3277 paule

585 3289 709 3356 plus
727 3305 873 3357 quam
896 3304 1068 3341 xxxin
1094 3292 1242 3340 annis
1264 3306 1415 3358 neque
1439 3291 1513 3341 ad
1531 3307 1628 3342 sua
1653 3293 2151 3359 temporapaseionis
2173 3293 2378 3354 vixisse,
2403 3293 2528 3361 quia
2550 3293 2798 3345 videlicet
2819 3312 2932 3347 xxx

598 3390 839 3425 annorum
852 3375 1021 3440 fuerit
1046 3375 1356 3443 baptizatus,
1388 3378 1521 3426 sicut
1552 3376 1864 3444 evanqelt'sta
1890 3374 2067 3427 Lucas
2102 3383 2328 3439 testatur,
2364 3386 2415 3428 et
2444 3385 2548 3428 tres
2578 3382 2732 3430 semis
2767 3398 2935 3434 annos

591 3466 711 3527 post
729 3458 982 3526 baptisma
997 3461 1402 3527 praedicaverit.
1447 3460 1587 3513 Haec
1609 3459 1756 3514 Beda
1778 3477 1890 3533 cap.
1913 3461 2002 3514 illo
2027 3478 2189 3514 nvn.
2236 3461 2380 3524 Quae
2410 3462 2455 3514 si
2478 3478 2548 3516 ex
2571 3463 2828 3517 ecclesiae
2874 3471 2937 3519 ut

597 3543 783 3597 asserit
804 3542 904 3596 fide
929 3543 1133 3597 decreta
1155 3544 1281 3611 sint,
1305 3544 1434 3598 nihil
1457 3561 1672 3599 caussae
1695 3553 1774 3599 est
1798 3548 1923 3617 quin
1945 3548 2060 3616 ipsa
2093 3551 2274 3600 contra
2303 3562 2638 3601 communem
2671 3551 2935 3605 ecclesiae

548 3660 559 3673 =
594 3628 754 3682 fidem
789 3629 993 3682 sentiat.
1048 3629 1249 3683 Etenim
1281 3629 1539 3685 Christum
1570 3648 1785 3703 passum
1817 3649 1930 3686 esse
1963 3632 2117 3684 tradit
2148 3646 2286 3684 anno
2320 3648 2474 3686 aerae
2506 3641 2718 3688 nostrae
2743 3654 2934 3693 xxxxv.

597 3712 746 3767 Unde
770 3716 1203 3784 quemadmodum
1228 3732 1423 3770 annum
1446 3734 1596 3771 aerae
1619 3725 1828 3773 nostrae
1850 3734 2077 3771 nxxxnr.
2093 3756 2106 3779 ,
2140 3717 2228 3786 qui
2261 3723 2342 3770 est
2372 3720 2590 3773 secundi
2611 3720 2937 3791 Dionysia-ni

598 3800 732 3870 cycli
765 3801 1045 3866 secundus,
1080 3803 1388 3871 respondere
1424 3810 1601 3857 censet
1623 3821 1758 3857 anno
1783 3803 1859 3856 illi
1882 3820 1985 3873 quo
2011 3800 2245 3856 Christus
2269 3803 2569 3859 incarnatus
2605 3811 2712 3873 est,
2749 3809 2828 3862 ita
2865 3809 2935 3862 ad

597 3902 785 3940 nxxxu
802 3885 921 3939 addi
937 3887 1083 3939 iubet
1097 3905 1279 3953 xxxiv,
1302 3894 1361 3942 ut
1376 3888 1505 3943 fiant
1522 3907 1701 3955 nnxvr,
1727 3890 1816 3959 qui
1834 3904 2001 3942 annus
2021 3887 2330 3958 respondeat
2346 3888 2496 3943 alteri
2512 3891 2592 3945 illi
2610 3909 2717 3963 quo
2735 3909 2935 3963 passus

597 3978 679 4025 est
701 3971 963 4035 dominus,
998 3973 1085 4042 qui
1119 3978 1198 4027 est
1220 3989 1369 4027 aerae
1392 3992 1570 4029 xxxrv.
1619 3976 1848 4045 Apparet
1878 3974 2037 4044 igitur
2060 3972 2198 4044 apud
2221 3971 2420 4027 Bedam
2444 3981 2500 4029 et
2520 3977 2845 4048 Dionysium
2870 3997 2935 4034 eo

596 4074 763 4123 anno,
787 4057 876 4128 qui
898 4064 979 4111 est
1000 4074 1150 4112 aerae
1173 4060 1462 4112 communis
1482 4076 1676 4124 xxxrv.,
1701 4060 1833 4128 cycli
1855 4057 2157 4127 Dionysiani
2175 4075 2350 4123 xxxv„
2374 4059 2642 4115 Christum
2666 4080 2785 4118 esse
2807 4082 2936 4136 pas·

597 4161 731 4198 sum.
779 4143 947 4208 Quare
972 4160 1115 4210 cum,
1147 4149 1206 4196 ut
1234 4144 1311 4196 illi
1345 4149 1605 4209 statuunt,
1639 4160 1776 4198 anno
1802 4144 1931 4211 cycli
1955 4142 2210 4206 secundo,
2235 4157 2386 4198 aerae
2409 4152 2589 4201 autem
2613 4148 2786 4219 primo
2803 4189 2819 4215 ,
2853 4152 2935 4205 in-

595 4235 840 4284 carnatus
864 4235 1118 4299 natusque
1144 4230 1213 4282 sit
1234 4229 1474 4281 dominus
1487 4268 1500 4293 ‚
1525 4244 1640 4281 cum
1659 4244 1845 4299 passus
1863 4234 1964 4291 est,
1989 4243 2155 4280 annos
2179 4228 2475 4285 absolverat
2495 4232 2761 4288 duntaxat
2776 4253 2936 4291 xxxix

601 4333 720 4370 cum
743 4316 941 4386 aliquot
959 4315 1245 4368 mensibus
1289 4312 1404 4366 Nisi
1424 4313 1555 4367 forte
1579 4330 1774 4367 annum
1797 4313 1980 4365 aetatis
2003 4312 2229 4382 primum
2252 4331 2587 4371 numeremus
2608 4319 2762 4373 illum
2777 4360 2794 4387 ,
2824 4339 2932 4393 quo

529 4448 543 4462 .
594 4403 651 4456 in
673 4407 820 4455 utero
843 4401 1022 4454 matris
1048 4404 1280 4469 gestatus
1304 4402 1410 4463 est3
1446 4399 1582 4468 quod
1619 4397 2046 4453 absurdissimum
2081 4403 2176 4452 est.
2231 4399 2296 4452 Et
2317 4406 2494 4457 tamen
2518 4402 2830 4475 Campanug
2854 4410 2936 4461 in.

508 4500 519 4509 -
593 4489 763 4559 gignis
788 4490 1149 4554 computorum
1173 4484 1361 4539 artifex
1394 4483 1449 4535 in
1481 4483 1608 4536 illud
1641 4485 1909 4554 prolapsus
1943 4488 2041 4537 est.
2112 4483 2246 4536 Nam
2274 4486 2327 4538 in
2352 4485 2611 4558 Computo
2637 4506 2756 4562 cap.
2783 4511 2933 4548 ων.

594 4581 646 4627 et
670 4587 837 4627 xxxrr.
888 4568 1148 4623 Christum
1181 4568 1449 4621 dominum
1482 4575 1666 4624 natum
1698 4572 1961 4622 asseverat
1993 4583 2131 4620 anno
2167 4570 2299 4637 cycli
2327 4571 2828 4632 decemnovennalis
2851 4596 2934 4632 se·

593 4657 791 4722 cundo,
816 4654 948 4725 cycli
963 4670 1086 4709 vero
1110 4660 1409 4724 epactarum
1432 4655 1607 4721 tertio,
1633 4660 1753 4708 ante
1779 4669 1817 4707 ιι
1839 4669 2048 4707 menses
2071 4652 2339 4720 inchoato,
2363 4655 2446 4711 die
2461 4657 2719 4715 vicesima
2740 4670 2934 4734 quarta
