3185 5219
2384 340 2656 399 GGXXXI

461 491 806 566 Ἐπονομᾶσας
829 494 884 549 a&
907 492 1068 566 ἱαυτῷ
1091 493 1149 546 τὶ
1174 497 1263 547 τοῦ
1287 493 1471 562 Μάνῃ]
1502 493 1643 549 Elias
1664 494 1721 548 in
1738 493 1919 548 Thisbi
1940 496 2130 548 mirum
2155 511 2270 549 esse
2293 497 2495 561 scribit,
2518 498 2656 571 quod

330 598 446 635 cum
477 580 656 636 Iudaei
683 586 852 671 ruffi
880 590 1068 635 vocent
1097 579 1408 645 haereticos,
1438 580 1495 634 in
1532 579 1851 634 Graecorum
1883 583 2271 634 commentariis
2305 583 2555 653 scriptum
2589 584 2658 637 sit

327 664 638 720 haereticum
661 666 922 738 quendam
944 665 1206 732 extitisse,
1231 665 1320 737 qui
1342 666 1524 719 Manes
1549 666 1814 731 diceretur,
1841 667 2057 736 eiusque
2080 671 2361 720 sectatores
2385 670 2570 759 3⁸:³72.

459 747 556 813 ’Ὁς
580 751 661 804 καὶ
685 750 833 814 αὐτὸς
859 750 1037 813 δοῦλος
1062 750 1250 823 ὑπῆρχε
1275 750 1585 820 Σκυθιανοῦ.]
1655 750 1811 804 Errat
1829 750 2006 821 itaque
2029 749 2406 818 Theodoretus,
2431 756 2519 824 qui
2542 755 2655 807 Ma-

325 853 426 892 nen
448 853 571 891 cum
594 824 876 907 scythiano
900 837 1197 902 confundit,
1220 842 1355 890 utet
1370 836 1558 890 Suidas
1572 876 1586 902 ,
1611 853 1733 890 cum
1754 841 1900 890 tanto
1927 841 2047 890 ante
2071 835 2385 905 scythianus
2409 840 2654 895 extiterit.

457 921 520 976 Ὀ
547 921 633 993 μὲν
657 917 720 984 εἷς
744 919 821 974 ἐπὶ
844 921 930 990 τὴν
950 918 1141 990 Aah]
1202 921 1316 977 Lib.
1336 939 1418 977 m.
1451 921 1583 992 Reg.
1621 937 1735 993 cap.
1755 938 1843 988 rx„
1876 921 1959 976 26.
2030 921 2262 975 Classem
2295 939 2503 993 quoque
2533 924 2657 978 fecit

321 1007 436 1063 Rex
459 1007 708 1063 Salomon
729 1008 788 1062 in
808 1008 1176 1079 Asina-gaber,
1200 1024 1335 1078 quae
1358 1011 1442 1060 est
1462 1008 1614 1061 iuxta
1634 1005 1821 1061 Aelath
1843 1008 1897 1060 in
1921 1007 2069 1061 litore
2093 1008 2252 1061 maris
2276 1008 2417 1061 rubri
2440 1009 2655 1062 interra

320 1093 615 1149 Idumaeae.
650 1112 774 1149 ux.
810 1089 980 1164 Aeno,
1005 1110 1110 1147 non
1135 1090 1311 1146 Αἶλών.
1345 1092 1596 1164 Iosephus
1621 1093 1711 1147 lib.
1729 1111 1840 1147 vm.
1865 1108 1977 1163 cap.
1994 1111 2065 1148 vr.
2088 1093 2413 1163 Asiongaber
2445 1094 2519 1147 ait
2548 1094 2646 1149 Be-

319 1179 529 1233 renicen
559 1179 761 1246 vocari,
796 1177 936 1233 haud
968 1179 1150 1250 procul
1177 1178 1345 1233 Elana
1375 1179 1521 1234 urbe.
1590 1176 1695 1233 Sed
1728 1177 2074 1232 hallucinatus
2110 1184 2213 1244 est,
2248 1185 2307 1231 ut
2340 1179 2536 1249 opinor,
2570 1179 2652 1233 Io-

319 1263 525 1336 sephus.
594 1263 730 1318 Nam
752 1265 1101 1335 asion-gaber
1129 1265 1184 1318 in
1215 1263 1463 1317 Idumaea
1491 1263 1719 1336 ponitur.
1786 1262 2035 1317 Berenice
2059 1280 2180 1317 vero
2214 1280 2245 1317 a
2269 1263 2564 1318 Ptolemaeo
2596 1266 2653 1319 iu

319 1349 493 1403 Attica
515 1349 656 1420 ipsa,
680 1350 838 1421 longe
860 1350 1112 1422 superior,
1136 1365 1196 1403 ac
1214 1348 1528 1403 Thebaidem
1553 1367 1620 1402 ex
1646 1349 1864 1402 adverso
1888 1349 2192 1420 respiciens,
2219 1350 2355 1418 quod
2379 1348 2653 1421 Epiphanii

322 1434 655 1505 descriptioni
677 1436 941 1507 congruit,
965 1436 1056 1505 qui
1078 1434 1362 1489 Berenicen
1384 1435 1594 1489 tertium
1619 1434 1962 1488 Rubri-maris
1984 1440 2194 1504 portum
2217 1441 2498 1488 enumerat.

449 1519 516 1574 N.
540 1539 598 1574 ιι.
647 1518 730 1582 Εἰς
753 1518 957 1591 ’Υψιλὴν
982 1520 1167 1591 πόλιν]
1214 1519 1508 1590 Stephanus
1529 1517 1744 1590 ’Υψηλις
1768 1519 1912 1591 κώμη
1937 1516 2200 1588 Αἰγύπτου.

455 1605 548 1657 Καὶ
566 1604 764 1674 βίβλους
788 1604 1067 1677 ricoarae]
1103 1605 1253 1676 Apud
1279 1605 1494 1659 Suidam
1517 1624 1569 1659 1v
1594 1604 1844 1658 librorum
1866 1606 2088 1658 istorum
2111 1610 2261 1658 autor
2281 1603 2442 1659 fuisse
2466 1606 2652 1661 dicitur
2701 1637 2744 1676 p,
2763 1623 2854 1667 2⁶⁴.

321 1688 692 1757 Terebinthus,
724 1691 835 1745 sive
868 1689 1107 1756 Buddas,
1142 1708 1364 1762 quorum
1398 1691 1554 1743 etiam
1591 1689 1716 1744 ordo
1749 1690 1898 1744 aliter
1923 1690 2224 1744 instituitur.
2295 1689 2430 1743 Nam
2452 1692 2650 1761 primus

319 1777 713 1847 mysteriorum,
737 1775 997 1831 secundus
1019 1777 1304 1847 evangelii,
1328 1776 1512 1829 tertius
1536 1774 1793 1841 thesauri,
1817 1780 2033 1846 quartus
2058 1776 2300 1845 capitum.

451 1861 517 1917 N.
539 1881 620 1917 111.
665 1861 783 1934 Περὶ
807 1865 909 1923 τοῖς
932 1862 1129 1933 χρόνοις
1155 1864 1253 1913 τῶν
1278 1859 1613 1928 ἀποστόλων]
1684 1859 1966 1914 Commode
1998 1861 2137 1914 istud
2173 1861 2530 1931 accipiendum
2554 1849 2650 1927 est,

321 1953 377 2001 ut
397 1948 756 2018 apostolorum
778 1954 1013 2019 tempora
1031 1952 1205 2012 vocet,
1230 1963 1363 2018 quae
1386 1946 1489 1999 illis
1512 1947 1757 2016 proxima
1778 1952 1915 2001 sunt.
1950 1944 2084 1999 Nam
2107 1952 2167 1999 ut
2188 1947 2452 2016 apostolos
2468 1947 2653 2001 viderit

318 2031 633 2103 Scythiauus
654 2049 988 2105 nequaquam
1019 2032 1279 2103 procedit,
1312 2033 1389 2085 uti
1423 2038 1607 2104 postea
1638 2032 1920 2096 constabit,
1955 2047 2075 2084 cum
2107 2030 2170 2084 de
2201 2030 2492 2085 Manichaei
2521 2037 2651 2086 tem-

317 2135 443 2189 pore
467 2118 830 2190 disputabitur.

450 2203 517 2258 N.
540 2222 613 2257 ιι.
658 2201 848 2275 Ἦρέμα
871 2205 977 2264 πῶς
1001 2202 1049 2254 ἔν
1073 2196 1117 2275 ᾧ
1143 2200 1343 2273 ἑαυτῷ]
1392 2202 1533 2257 Corr.
1555 2199 1716 2274 ἠρέμα
1739 2203 1860 2263 πῶς·
1888 2198 1935 2253 ἐν
1960 2195 2004 2272 ᾧ
2030 2206 2125 2257 etc.

449 2287 513 2343 N.
539 2307 632 2343 111.
681 2287 767 2342 Διὸ
793 2287 934 2341 αὐτοὶ
958 2287 1004 2341 οῖ
1025 2287 1336 2360 Μανιχαῖοι.]
1405 2288 1550 2342 Verti
1572 2292 1772 2359 potest:
1820 2287 1891 2340 Ob
1917 2289 1976 2340 id
1995 2286 2301 2340 Manichaei
2320 2306 2474 2358 super
2498 2309 2650 2342 arun-

317 2376 461 2428 dines
485 2375 689 2431 cubant.
747 2373 881 2428 Nam
905 2373 1153 2426 Menaria·
1173 2383 1448 2446 propterea
1472 2373 1621 2439 dicti,
1649 2373 1786 2443 quod
1811 2373 1863 2427 in
1889 2373 2065 2426 mattis
2088 2371 2386 2429 dormirent.
2434 2373 2569 2444 Aug.
2596 2394 2645 2431 v.

316 2476 432 2514 con.
457 2458 713 2514 Faustum
734 2458 966 2516 Manich.

449 2543 634 2616 Θωμᾶς
660 2542 712 2597 δὲ
746 2538 824 2597 ἐπὶ
847 2540 934 2613 τὴν
959 2543 1242 2615 Ἰουδαίαν]
1314 2544 1692 2616 Corrigendum
1723 2560 1791 2598 ex
1824 2542 2145 2597 Theodoreto
2181 2545 2342 2598 videri
2374 2545 2541 2617 possit
2571 2543 2648 2597 ἐπὶ

315 2630 399 2698 τὴν
423 2628 618 2683 Ἰνδίαν.
665 2630 799 2685 Nam
824 2637 884 2685 ut
907 2630 1169 2685 Christum
1193 2633 1500 2696 imitaretur,
1524 2632 1891 2701 cognominem
1914 2629 2052 2683 illius
2077 2632 2313 2701 apostolo
2339 2631 2650 2701 discipulum

314 2718 368 2770 in
387 2716 592 2771 Indiam
610 2716 875 2788 allegavit.
915 2718 1106 2771 Verum
1128 2718 1285 2770 etiam
1303 2716 1440 2769 infra
1463 2734 1515 2770 n.
1529 2734 1674 2770 xxxr.
1694 2714 1948 2769 Thomam
1973 2715 2131 2768 istum
2155 2716 2649 2787 pseudoapostolum

312 2802 368 2856 in
391 2801 600 2871 Syriam
623 2802 936 2857 destinatum
960 2802 1154 2859 scribit.

449 2883 632 2957 Ἔλεγε
656 2886 716 2955 δὴ
741 2885 912 2940 ίαυτον
938 2884 965 2940 ὁ
990 2885 1199 2954 Manem]
1242 2887 1354 2940 Imo
1380 2892 1434 2940 et
1455 2884 1717 2940 Christum
1742 2886 1973 2956 seipsum
1998 2901 2110 2940 esse
2134 2886 2282 2940 dixit.
2329 2885 2580 2939 Theodor.

448 2971 512 3027 N.
540 2991 628 3026 xx.
674 2970 908 3043 Ἰάκωβος
933 2971 1068 3044 ξύλῳ
1093 2970 1333 3043 πληγείς]
1403 2971 1991 3040 Hierosolymitanorum
2026 2971 2319 3025 antistitum
2342 2969 2645 3041 cathalogus

313 3057 411 3111 iste
437 3074 503 3111 ex
527 3057 741 3113 Eusebii
765 3057 1019 3113 Chronico
1044 3064 1097 3112 et
1117 3057 1345 3111 Historia
1367 3056 1656 3127 descriptus
1681 3061 1784 3121 est,
1809 3074 1964 3127 quem
1989 3062 2041 3110 et
2064 3057 2470 3111 Alexandrinum
2489 3055 2644 3110 Chro-

312 3144 468 3197 nieen
492 3150 547 3197 et
567 3142 843 3214 Nicephori
867 3143 1078 3215 perinde
1103 3142 1394 3197 chronicon
1419 3141 1649 3196 exhibet.
1718 3141 1800 3196 Ex
1825 3142 2014 3212 quibus
2039 3143 2307 3208 omnibus,
2341 3141 2441 3196 hoc
2476 3149 2555 3195 est
2576 3157 2645 3195 ex

312 3228 622 3282 Eusebianis
662 3229 893 3284 fontibus
939 3228 1292 3283 emendandus
1333 3235 1416 3281 est
1456 3226 1735 3299 Epiphanii
1762 3228 2043 3282 laterculus
2059 3270 2071 3294 ,
2107 3229 2252 3282 velut
2284 3245 2401 3282 cum
2434 3227 2641 3281 tertium

310 3320 558 3367 numerat
579 3314 786 3379 Iudam,
813 3314 901 3384 qui
924 3315 990 3368 ab
1013 3313 1239 3368 Eusebio
1263 3318 1316 3368 et
1337 3313 1554 3368 caeteris
1576 3314 1751 3367 Iustus
1777 3315 2081 3385 appellatur.
2127 3314 2255 3367 Item
2277 3331 2346 3368 ιν.
2370 3312 2641 3366 Zacharias

312 3400 378 3453 ab
412 3398 704 3471 Epiphanio
740 3400 806 3453 ab
840 3401 956 3453 aliis
990 3397 1255 3453 Zachaeus
1288 3406 1520 3453 vocatur.
1587 3399 1725 3454 Sunt
1763 3407 1816 3454 et
1854 3401 1958 3453 alia
1989 3399 2244 3471 quaedam
2273 3401 2328 3451 in
2355 3404 2482 3451 nota
2512 3404 2639 3451 tem-

271 3493 278 3502 ⁴
309 3502 499 3556 perum
530 3484 596 3538 ab
615 3483 928 3556 Epiphanio,
950 3485 1033 3538 vel
1055 3485 1230 3556 potius
1254 3499 1287 3537 a
1306 3485 1545 3550 librario,
1569 3486 1876 3550 commissa,
1899 3501 2034 3556 quae
2056 3491 2115 3539 ut
2138 3484 2422 3538 accuratius
2446 3483 2640 3553 disqui-

307 3577 510 3626 rantur.
556 3570 786 3624 Primum
820 3587 850 3623 e
881 3569 1172 3642 Nicephoro
1207 3570 1429 3624 eundem
1458 3571 1609 3624 illum
1632 3572 1928 3640 catalogum
1955 3587 2072 3624 cum
2095 3569 2417 3639 singulorum
2441 3569 2639 3622 antisti-

306 3663 423 3711 tum
448 3656 603 3709 annis
628 3655 1007 3722 exscribamus,
1032 3662 1093 3709 ut
1114 3660 1167 3709 et
1188 3654 1538 3727 Nicephorum
1561 3655 1741 3710 eadem
1766 3671 1921 3726 opera
1945 3656 2273 3724 castigemus.

651 3859 1010 3915 INDICULUS
1044 3858 1839 3915 fflEROSOLYmTANORUM
1872 3856 2303 3911 ANTISTITUM.

1310 4030 1354 4084 Ε
1416 4031 1428 4044 .
1616 4031 1628 4044 .
1932 4003 2060 4050 Auni,
2076 4003 2234 4053 quibus

1045 3963 1053 4150 Ι
1365 4046 1646 4102 piscopl.
1900 3961 1907 4146 Ι
1970 4071 2190 4112 ”demt-

756 4185 781 4238 1
1076 4184 1295 4239 Iacobus
1327 4184 1539 4237 Domini
1571 4183 1745 4237 Frater
1998 4180 2178 4234 XXVI

754 4271 803 4326 11
1077 4270 1342 4341 Symaeon
1377 4267 1632 4339 Cleophae
1663 4268 1719 4322 F.
1997 4264 2179 4318 xxm

753 4355 827 4411 111
1075 4356 1251 4409 Iustus
1996 4351 2065 4403 VI

755 4442 824 4497 IV
1075 4438 1351 4495 Zacharias
1994 4435 2067 4489 IV

753 4527 800 4581 V
1075 4527 1265 4581 Tobias
1994 4519 2066 4571 IV

753 4613 825 4668 v1
1076 4611 1350 4668 Beniamin
1992 4603 2043 4659 Π
