3185 5219
973 453 1294 508 scRu’TAE
1333 456 1414 506 AB
1450 455 1596 506 ΑΕΒ.
1633 454 1889 509 immo,
2477 448 2590 511 101

279 569 463 641 Ὀλίγα
495 572 556 628 δὲ
591 570 735 629 πάλιν
771 572 830 628 ἐκ
865 573 1086 642 τούτων,
1137 571 1211 635 οἷς
1257 612 1271 625 .
1298 611 1311 624 .
1339 611 1353 623 .
1405 570 1660 640 ἐτόλμησε
1711 571 1770 628 τὸ
1809 611 1822 624 .
1855 612 1869 625 .
1921 572 2089 643 στόμα
2121 611 2134 627 .
2170 612 2184 624 .
2220 565 2342 642 ἆραι
2392 612 2407 628 .
2444 611 2461 629 .
2508 577 2598 632 καὶ

278 660 682 729 βλασφημῆσαι,
717 647 867 721 αὖθις
899 658 1257 729 ἐπιλαβόμενος
1292 659 1437 725 (nim.
1478 654 1670 724 αὐτῶν)
1711 657 1976 728 συντόμως
2011 660 2162 724 λέξω.

413 746 470 796 Ρ.
509 750 606 796 322
658 746 828 813 (989).
910 738 1145 804 Οὕτως
1194 741 1352 799 οἶδα
1398 743 1515 800 τὸν
1565 741 1752 808 θεὸν,
1805 737 2036 812 ὥςπερ
2084 744 2424 813 ἐμαυτὸν,
2480 748 2599 802 καὶ

280 826 349 884 οὗ
397 831 733 884 τοσοῦτον
784 828 941 885 οἶδα
990 827 1296 897 ἐμαυτὸν
1349 826 1441 891 ὥς
1488 828 1608 884 τὸν
1662 828 1865 897 θεόν.]
1924 832 2054 882 Ecce
2091 831 2182 882 tibi
2215 832 2279 881 ab
2318 832 2464 883 Aetio
2502 832 2602 884 iam

279 915 562 983 prolatum,
598 915 735 984 quod
767 915 944 967 novitii
978 915 1236 984 sophistae
1270 915 1525 968 celebrant
1560 914 1830 970 decretum.

413 1002 472 1053 P.
504 1005 601 1051 324
633 1002 804 1070 (990).
874 1000 1531 1069 ἐπισκωμματικῶς
1579 1000 1696 1054 καὶ
1728 1000 2064 1069 κωτίλως]
2101 1001 2404 1052 Adverbium
2439 1002 2597 1057 κωτί-

279 1089 398 1153 λως,
431 1103 538 1138 cum
571 1087 748 1151 der-im,
780 1086 971 1138 Lexicis
1005 1086 1306 1149 addendum,
1342 1085 1395 1137 in
1418 1086 1595 1154 quibus
1624 1085 1823 1137 nonnisi
1857 1086 2158 1138 adiectivum
2193 1087 2424 1149 κωτίλος,
2461 1093 2600 1142 blan-

278 1175 400 1236 dus,
435 1174 619 1235 fallax,
654 1183 926 1239 comparet.
993 1171 1254 1233 Κωτίλος,
1303 1174 1511 1235 derisor,
1561 1181 1727 1222 exstat
1759 1190 1841 1240 ap.
1876 1175 2078 1224 Method.
2114 1171 2323 1224 Conviv.
2352 1173 2422 1224 X.
2456 1174 2600 1241 virg.

278 1277 328 1327 p.
363 1260 481 1308 167.
515 1258 574 1307 D.
614 1256 692 1307 ed.
728 1256 916 1308 possin.
983 1256 1214 1316 Κωτίλος
1245 1275 1351 1320 τις,
1389 1252 1464 1317 οἷς
1497 1255 1688 1318 ἔοικεν,
1726 1250 1990 1324 ἄνθρωπος
2025 1255 2152 1311 εἶναι
2184 1263 2372 1320 δοκεῖς,
2410 1247 2458 1311 ni
2491 1255 2599 1312 Ed-

278 1342 462 1414 βοὺλιε.
502 1359 601 1411 quo
636 1342 751 1392 loco
793 1359 873 1410 ap.
911 1346 1053 1394 Altae.
1087 1361 1138 1411 p.
1164 1345 1263 1392 294
1299 1342 1378 1393 ed.
1421 1342 1564 1393 Rom.
1604 1360 1702 1393 vox
1738 1342 1878 1393 nihili
1914 1342 2195 1404 σκωπτίλος
2228 1342 2494 1410 reperitur.

414 1431 464 1480 Ρ.
497 1432 595 1480 326
627 1428 796 1495 (991).
866 1421 945 1482 οιῖ
979 1424 1108 1496 μὴν
1142 1425 1218 1482 δὲ
1250 1425 1597 1494 γινώσκει
1627 1426 1692 1481 τί
1723 1425 1795 1482 τὸ
1832 1422 2043 1496 εἶδος]
2082 1424 2162 1481 od
2200 1426 2301 1495 μὴν
2335 1427 2410 1491 δὲ,
2455 1428 2595 1497 quod

275 1525 398 1584 post
434 1513 581 1582 paulo
614 1513 822 1564 recurrit
842 1551 858 1574 ,
893 1512 1110 1564 melioris
1148 1523 1297 1564 notae
1330 1511 1659 1581 scriptoribus
1694 1512 1983 1565 inusitatum
2018 1522 2110 1564 est.

413 1602 468 1652 P.
501 1603 598 1651 326
638 1598 807 1666 (991).
875 1597 1265 1666 πορφύρεόν
1313 1615 1382 1651 τε
1433 1594 1790 1666 κοκκηρόν
1841 1599 1948 1667 τε]
1998 1596 2305 1667 Κοκκηρός,
2360 1599 2497 1668 quod
2545 1599 2598 1651 in

273 1685 476 1739 Lexicie
511 1702 613 1736 non
648 1693 842 1746 exstat,
877 1682 1011 1733 idem
1044 1694 1120 1734 est
1155 1701 1214 1734 ac
1246 1679 1495 1744 κόκκινος.

416 1773 472 1824 Ρ.
507 1774 604 1821 326
635 1770 805 1836 (991).
877 1768 1323 1837 σκωπτηλιὸς]
1361 1768 1719 1820 scribendum:
1759 1770 2099 1833 σκωπτικῶς,
2135 1769 2333 1822 sublato
2369 1781 2596 1822 monstro

275 1857 416 1910 vocis
453 1855 785 1921 σκωτπηλῶς·

415 1944 467 1992 Ρ.
508 1946 604 1992 326
642 1943 811 2011 (992).
882 1935 1041 1995 ὅταν
1089 1936 1552 2008 ἐλεγχόμενοι
1603 1935 1726 1993 ὖπό
1779 1957 1980 1993 τινων
2032 1937 2592 2011 ιῖποπιάζωνται]

277 2030 436 2080 Recte
481 2028 636 2079 habet
683 2027 835 2078 lectio
886 2023 1072 2077 codicis
1116 2028 1216 2075 len.
1255 2035 1308 2074 et
1342 2024 1423 2075 ed.
1459 2024 1601 2076 Basil.
1641 2020 2043 2088 ὁποπιοὶζωνται,
2100 2043 2261 2094 neque
2297 2036 2406 2093 est,
2459 2029 2597 2097 quod

275 2110 620 2176 ὕποπιέζονται
668 2112 772 2180 (vel
805 2112 974 2180 potius
1010 2105 1393 2176 ιῖποπιέζωνται)
1442 2127 1553 2160 cum
1586 2112 1780 2161 Petavio
1829 2109 2097 2174 coniicias,
2146 2129 2296 2179 quum
2334 2111 2505 2175 πιάζω
2541 2114 2595 2164 in

278 2201 421 2268 κοινῇ
460 2197 593 2249 idem
626 2197 694 2248 eit
727 2215 789 2249 ac
820 2197 995 2259 πιέζω.
1064 2190 1383 2258 ’Υποπιοὶζειν
1417 2205 1584 2246 autem
1600 2231 1617 2256 ,
1669 2195 1774 2246 sive
1812 2190 2120 2262 ὖποπιέζειν,
2169 2195 2222 2245 id
2258 2206 2333 2246 est
2367 2201 2597 2262 subigere,

277 2303 305 2336 a
341 2303 397 2335 re
431 2283 671 2335 athletica
703 2282 768 2334 ad
804 2281 1115 2334 dialecticam
1165 2298 1267 2331 non
1304 2280 1464 2331 minus
1499 2289 1637 2331 recte
1669 2280 2001 2343 transfertur,
2055 2299 2204 2350 quam
2237 2281 2447 2350 simplex
2480 2283 2597 2336 πιέ-

278 2374 391 2434 ζειν,
431 2369 495 2420 de
530 2386 629 2438 quo
666 2368 767 2419 dixi
802 2367 867 2419 ad
901 2369 963 2420 Τ.
989 2370 1050 2417 11.
1087 2384 1136 2434 p.
1160 2369 1259 2418 670
1295 2368 1468 2433 (773).
1537 2366 1846 2433 Scripturam
1883 2363 2286 2431 ὑπωπιάζωνται,
2324 2385 2470 2436 quam
2497 2369 2595 2420 ha-

273 2456 363 2508 bet
400 2454 479 2506 ed.
518 2456 686 2505 Petav.
706 2495 719 2519 ,
777 2453 1018 2523 quispiam
1055 2453 1270 2504 fortasze
1306 2451 1560 2503 excusabit
1591 2453 1838 2504 translato
1875 2470 1963 2503 usu
1998 2452 2135 2504 verbi
2172 2449 2478 2517 ὑπωπιάζειν
2513 2472 2596 2522 ap.

276 2540 574 2609 Apostolum
611 2541 649 2590 1.
670 2539 785 2591 Cor.
817 2540 913 2601 IX,
939 2542 1019 2589 27.
1056 2537 1140 2588 ubi
1176 2533 1481 2601 ὑπωπιάζειν
1517 2549 1595 2589 est
1627 2544 1839 2601 domare,
1873 2541 2139 2591 obtundere.
2197 2539 2300 2589 Sed
2333 2539 2437 2591 illic
2461 2557 2594 2608 quo-

274 2644 372 2695 qne
413 2626 697 2693 discrepans
745 2625 898 2675 lectio
946 2619 1198 2686 ιῖποπιέζω
1247 2634 1424 2674 exstat.
1507 2624 1638 2675 Vide
1689 2628 1979 2679 schleusner.
2017 2626 2138 2676 Lex.
2181 2624 2234 2676 in
2284 2627 2417 2678 Nov.
2454 2629 2595 2679 Test.

272 2715 337 2764 T.
370 2714 430 2761 11.
469 2730 517 2780 p.
545 2716 694 2763 1229.
728 2727 903 2779 meque
937 2709 1003 2760 ad
1037 2713 1195 2760 Elium
1233 2711 1350 2760 Oret.
1387 2709 1480 2760 col.
1515 2713 1613 2760 763
1644 2711 1744 2777 (4).
1781 2712 1896 2761 932.

413 2798 466 2847 Ρ.
503 2801 602 2848 326
639 2798 807 2864 (992).
877 2790 1181 2860 ψευδονῦ
1202 2793 1360 2863 μως]
1411 2797 1486 2845 lta
1532 2794 1775 2846 mendose
1810 2793 1990 2862 vulgo;
2039 2804 2099 2845 tu
2129 2794 2350 2845 rescribe
2382 2797 2593 2860 ψευδω-

271 2880 464 2949 νύμως.

408 2969 463 3018 Ρ.
497 2971 595 3019 326
623 2968 793 3035 (992).
864 2966 1036 3034 μέγα
1084 2963 1293 3021 κακὸν
1338 2962 1684 3033 τόλμημα]
1722 2965 1837 3015 Sive
1871 2964 2007 3033 μέγα
2039 2964 2128 3018 καὶ
2161 2963 2317 3018 κακὸν
2351 2961 2594 3034 τόλμημα

272 3070 386 3104 cum
404 3056 628 3105 Ceruario
650 3052 899 3115 scribitur,
924 3051 1028 3103 eive
1047 3050 1180 3118 μέγα
1203 3052 1376 3104 κακῶν
1396 3047 1659 3118 τόλμημα,
1691 3049 1828 3119 quod
1846 3054 2042 3102 Pelavio
2064 3050 2269 3117 placuit,
2290 3051 2590 3118 praefertur,

268 3139 378 3190 eive
413 3138 625 3207 denique
661 3140 986 3201 Epiphanius,
1038 3147 1095 3186 ut
1144 3134 1267 3186 mihi
1312 3135 1537 3200 videtur,
1591 3135 1726 3204 μέγα
1775 3134 2009 3190 κάκιστον
2044 3136 2311 3186 Homerice
2360 3135 2590 3203 scripsit:

269 3225 516 3292 τόλμημα
547 3223 613 3273 de
645 3223 849 3274 homine
882 3223 1136 3290 eleganter
1169 3221 1353 3272 dicitur
1388 3239 1450 3272 eo
1485 3221 1724 3289 loquendi
1759 3238 1876 3283 usu,
1932 3221 1996 3272 de
2030 3237 2128 3289 quo
2162 3221 2261 3273 vid.
2296 3225 2592 3286 Bernhardy.

271 3314 419 3379 Synt.
461 3310 546 3361 Gr.
586 3327 632 3376 p.
663 3313 744 3359 46.

409 3396 460 3445 Ρ.
495 3398 593 3445 336
627 3395 795 3462 (996).
866 3391 954 3461 μή
989 3393 1327 3453 νοοῦντας
1372 3391 1449 3446 τὰ
1499 3390 1779 3462 βαθέως
1814 3389 1938 3447 ὕπὸ
1975 3394 2093 3446 τοῦ
2128 3392 2449 3447 τοιούτου
2486 3397 2590 3447 λο-

271 3481 427 3550 γίου
461 3475 740 3548 οἷνδρός]
779 3480 994 3548 Liquido
1029 3488 1271 3548 apparet,
1325 3477 1566 3545 εἰρημένα
1600 3479 1680 3529 vel
1714 3478 1815 3529 tale
1852 3477 2103 3547 quidpiam
2139 3490 2256 3546 post
2288 3479 2352 3533 τὰ
2388 3478 2592 3548 βαθέως

271 3565 527 3617 excidisse.
603 3565 750 3616 Cous.
787 3584 836 3633 p.
854 3569 956 3615 400
985 3565 1172 3632 (1031)
1204 3564 1350 3617 τοῦτο
1387 3564 1589 3633 βαθέως
1622 3564 1835 3630 εἴρηται.
1904 3563 2122 3622 Βαθέως
2151 3574 2227 3613 est
2259 3580 2397 3615 sensu
2428 3579 2589 3615 recon-

270 3655 406 3715 dito,
434 3650 851 3720 quemadmodum
887 3649 1118 3719 βαθύτης
1153 3668 1199 3718 ρ.
1225 3653 1340 3699 398.
1370 3667 1443 3716 sq.
1484 3648 1671 3715 (1031)
1704 3662 1865 3699 sensus
1894 3652 2159 3699 reconditus
2194 3658 2415 3699 vocatur.

409 3737 461 3787 P.
497 3742 596 3788 338
631 3738 802 3805 (997).
871 3732 1344 3801 όσοιδηποτοῦ
1357 3734 1405 3802 ν]
1431 3728 1589 3786 ’Ὅσοι
1623 3733 1872 3801 δηποτοῦν
1907 3731 2173 3799 separatim
2210 3731 2323 3783 edd.
2356 3734 2500 3785 Basil.
2535 3744 2589 3786 et

271 3824 448 3874 Petav.
516 3822 616 3873 Sed
650 3820 965 3874 scribendum
1002 3820 1066 3871 ad
1112 3836 1338 3872 normam
1388 3819 1644 3887 antiquam
1692 3812 1807 3873 ὅσοι
1840 3816 1908 3886 δή
1942 3813 2050 3872 ποτ’
2082 3807 2203 3879 οὖν,
2256 3827 2341 3869 aut
2375 3815 2586 3887 ὁσοιδη-

271 3909 465 3973 ποτοῦν,
503 3908 638 3977 quod
673 3908 827 3974 magia
862 3907 1030 3976 placet
1062 3905 1114 3958 iu
1147 3904 1348 3956 serioris
1382 3904 1562 3957 aetatis
1597 3905 1860 3973 scriptore.
1926 3903 2042 3956 vid.
2079 3906 2275 3956 Lobeclt.
2310 3904 2375 3955 ad
2406 3909 2584 3969 Phryn.

271 4013 322 4064 p.
353 3998 471 4045 373.
496 4012 570 4061 sq.

410 4081 466 4131 Ρ.
499 4084 597 4130 338
631 4078 799 4147 (996).
868 4075 1175 4147 έντυχων
1218 4080 1369 4137 τοῖς
1411 4073 1592 4143 παρὰ
1641 4076 1759 4144 τῆς
1794 4077 1925 4144 σῆς
1958 4075 2380 4147 θεοσεβείας
2413 4095 2584 4143 πρα-

271 4167 356 4235 χθ
374 4171 475 4219 εἰσ
496 4184 551 4220 ιν
587 4162 847 4232 ὖπομνή
867 4183 955 4231 μα
973 4163 1099 4232 σιν]
1135 4161 1450 4232 Πραχθεῖσιν
1487 4161 1633 4213 codd.
1653 4179 1768 4213 mss.
1799 4173 1851 4213 et
1877 4162 1955 4213 ed.
1980 4161 2147 4225 Basil„
2171 4162 2308 4230 quod
2327 4165 2585 4215 Cornan-ius

270 4261 411 4302 recte
459 4251 636 4301 vertit:
697 4264 802 4300 cum
836 4252 1036 4313 adeptus
1067 4253 1160 4300 sim
1193 4251 1548 4300 covnmentarios
1595 4264 1628 4299 a
1658 4253 1829 4312 pietate
1862 4255 1947 4298 tua
1978 4250 2142 4311 [actos.
2215 4247 2361 4298 Cous.
2398 4266 2450 4315 p.
2484 4252 2581 4299 336

274 4339 428 4403 (997)
461 4331 616 4389 Ἀλλὰ
648 4334 737 4388 καὶ
769 4330 968 4402 ιῖπομνῆ
973 4352 1110 4402 ματα
1142 4333 1440 4400 πέπρακται.
1473 4337 1728 4399 quinetiam
1762 4338 2082 4385 commentarii
2112 4336 2308 4397 quidam
2337 4338 2587 4397 perscripti

271 4428 393 4475 sunt.
463 4424 635 4488 ltaque
670 4436 828 4487 neque
865 4436 975 4469 cum
1010 4406 1218 4472 Petavi'o
1251 4420 1604 4489 προςαχθεῖσιν
1642 4418 1987 4480 scribendum,
2040 4436 2199 4487 neque
2231 4416 2471 4486 πράσσειν
2506 4428 2586 4471 est

271 4504 701 4575 interpretandum
737 4508 933 4570 exigere.

415 4594 470 4644 Ρ.
505 4595 604 4643 340
641 4592 808 4659 (998).
877 4595 1076 4652 ποῖος
1110 4583 1281 4660 ᾅδης
1320 4588 1775 4658 ἐξερεῦξατο,
1832 4586 2205 4657 όμοοῦσιον
2240 4589 2472 4645 εἰπεῖν
2507 4589 2580 4646 έκ

273 4676 559 4746 Μαρίας
611 4678 813 4744 σῶμα
868 4676 950 4746 τῇ
1001 4678 1119 4730 τοῦ
1174 4672 1375 4742 λόγου
1426 4672 1776 4744 θεότητι;]
1830 4670 2162 4745 Ἐξερεῦξατο
2195 4675 2311 4729 edd.
2342 4676 2485 4728 Basil.
2530 4686 2582 4733 et
