3185 5219
510 374 762 431 COEXVI

509 546 757 585 annuus
789 548 898 584 ιιι.
967 528 1168 601 Quippe
1209 533 1415 601 cyclum
1448 528 1974 587 decennovennalem
2018 550 2125 586 non
2159 534 2228 587 ab
2262 548 2420 587 aureo
2454 549 2671 588 numero
2702 552 2741 588 ι.
2776 549 2838 588 ac

509 634 662 671 xxm.
686 617 884 681 Martii,
916 616 1009 670 sed
1039 632 1073 670 a
1095 634 1204 670 ιιι.
1227 616 1526 671 inchoatum
1550 617 1713 671 fuisse
1748 625 1802 671 et
1831 619 1899 672 ab
1921 618 2113 689 Aprilis
2133 637 2204 672 rv.
2227 618 2425 672 erudite
2448 620 2637 689 probat
2656 618 2837 673 Petrus

508 702 709 756 Pitatus
717 703 1030 756 Veronensis
1054 700 1326 755 Ganonum
1342 701 1672 756 paschalium
1695 719 1808 774 cap.
1822 721 1912 769 vr„
1937 712 1991 756 et
2011 709 2131 757 ante
2153 704 2301 757 illum
2322 704 2503 757 docuit
2522 703 2717 758 Paulus
2740 703 2836 758 Fo-

508 800 830 858 rosempron.
852 789 1049 857 primae
1070 787 1233 857 partis
1267 788 1400 842 libro
1419 804 1488 842 vr.
1561 788 1669 841 Nec
1692 790 1842 842 aliter
1863 788 2009 843 Beda
2030 805 2151 843 cum
2175 790 2289 842 aliis
2312 790 2367 843 in
2390 790 2543 854 loeis,
2566 795 2682 843 tum
2703 790 2837 843 libre

511 874 574 927 de
595 873 773 943 Temp.
795 872 1014 926 Ratione
1037 888 1149 943 cap.
1169 890 1288 939 mv„
1312 875 1404 927 ubi
1426 875 1632 943 cyclum
1657 875 1894 929 lunarem
1919 890 2036 928 cum
2061 874 2517 929 decemnovennali
2536 890 2837 945 proponens

509 974 702 1013 annum
727 959 866 1011 illins
889 958 1114 1029 primum
1137 974 1258 1012 eum
1279 959 1765 1013 decemnovennalis
1799 960 1932 1029 cycli
1960 965 2142 1030 quarto
2167 961 2466 1030 coniungit,
2491 966 2545 1015 et
2565 976 2599 1014 a
2618 960 2838 1015 Kalend.

508 1044 763 1098 Ianuariis
785 1043 1017 1097 inchoari
1040 1044 1180 1098 dicit.
1213 1043 1307 1097 Est
1327 1050 1504 1098 autem
1521 1045 1774 1098 Ianuariis
1790 1045 2040 1100 Kalendis
2065 1045 2259 1099 affixus
2283 1062 2470 1100 aureus
2491 1062 2742 1100 numerus
2759 1065 2839 1102 ur.

510 1131 674 1201 Igitur
693 1130 892 1201 primus
916 1136 997 1182 est
1017 1146 1143 1194 xrx„
1168 1146 1202 1183 a
1224 1145 1326 1198 quo
1350 1136 1565 1199 quartus
1587 1136 1669 1183 est
1690 1131 1888 1186 tertius.
1941 1129 2089 1195 Quod
2123 1132 2178 1185 in
2207 1132 2547 1202 sequentibus
2569 1132 2839 1201 cyclorum

508 1217 739 1269 numeris
773 1220 1071 1269 comuntur
1103 1221 1262 1269 tenet.
1328 1215 1569 1286 Exempli
1604 1232 1791 1269 caussa
1822 1232 1990 1269 annus
2025 1218 2161 1285 cycli
2193 1218 2392 1271 lunaris
2416 1235 2521 1271 xvr.
2547 1216 2725 1271 Bedae
2758 1224 2842 1271 est

509 1301 994 1355 decemnovennalis
1017 1318 1144 1363 xix„
1168 1300 1260 1369 qui
1281 1317 1314 1353 a
1335 1318 1441 1354 xvi.
1458 1301 1573 1355 Kal.
1591 1301 1702 1356 Ian.
1728 1302 1934 1372 incipit,
1959 1302 2080 1356 Dec.
2098 1320 2252 1367 xvu.;
2277 1319 2311 1355 a
2333 1318 2436 1372 quo
2458 1303 2645 1373 incipit
2667 1319 2837 1356 annus

509 1388 592 1440 cni
613 1402 862 1440 numerus
886 1402 1074 1439 aureus
1096 1387 1340 1439 convenit
1360 1404 1508 1441 xvm.
1563 1387 1785 1440 Proinde
1809 1402 1996 1441 aureus
2019 1404 2268 1441 numerus
2293 1405 2443 1443 xvru.
2468 1394 2548 1441 est
2570 1405 2680 1441 ιιι.
2704 1389 2841 1457 cycli

509 1472 1012 1526 decemnovennalis.
1046 1470 1313 1525 Postremo
1332 1487 1450 1524 cum
1470 1471 1956 1526 decemnovennalis
1981 1474 2114 1542 cycli
2137 1475 2303 1543 primo
2327 1488 2467 1527 anno
2492 1474 2692 1527 lunaris
2709 1490 2837 1528 xvrt.

509 1556 853 1627 componitur,
876 1558 1091 1626 eiusque
1113 1557 1319 1610 initium
1345 1558 1588 1611 statuitur
1612 1556 1775 1611 Nonis
1798 1558 2099 1612 Decembris
2122 1560 2347 1628 (corrige
2366 1577 2476 1612 vm.
2494 1558 2568 1614 Id.
2587 1558 2838 1612 Decemb.

509 1643 642 1696 Nam
660 1658 728 1695 ex
745 1640 1051 1711 compendio
1069 1648 1309 1695 notarum
1325 1642 1587 1712 profectus
1605 1650 1687 1696 est
1706 1659 1862 1708 error,
1886 1660 2006 1697 cum
2029 1645 2280 1714 scriptum
2302 1651 2443 1697 esset
2458 1662 2570 1698 vm.
2584 1644 2671 1697 ID.
2697 1643 2840 1713 quod

510 1727 687 1782 Nonas
709 1726 832 1780 Dec.
860 1727 1102 1779 librarius
1135 1742 1251 1780 esse
1281 1727 1537 1788 credidit).
1582 1729 1654 1782 At
1677 1731 1768 1799 qui
1790 1744 1958 1783 annus
1981 1731 2050 1782 ab
2074 1747 2185 1784 vm.
2209 1729 2285 1785 Id.
2311 1729 2495 1783 Deebr.
2519 1729 2840 1799 auspicatur,

511 1828 786 1866 numerum
808 1826 1025 1866 aureum
1048 1812 1217 1881 exigit
1237 1830 1347 1868 ιιι.
1418 1812 1559 1867 Satis
1582 1814 1743 1883 igitur
1767 1819 1971 1867 constat
1993 1815 2197 1884 cyclum
2222 1815 2749 1868 decemnovennalem
2772 1814 2839 1867 ab

512 1914 669 1951 aureo
700 1912 917 1950 numero
941 1914 1051 1951 ιιι.
1087 1897 1293 1950 initium
1326 1914 1528 1969 capere.
1601 1898 1762 1952 Cuius
1797 1899 1925 1952 haec
1959 1898 2131 1953 afferri
2165 1916 2326 1952 causa
2357 1906 2544 1970 potest.
2614 1899 2843 1953 Romani

510 1999 787 2038 aureorum
806 1998 1142 2036 numerorum
1170 1998 1232 2036 ac
1255 1984 1390 2052 cycli
1411 1984 1897 2038 decemnovennalis
1929 1983 2229 2038 methodum
2260 1986 2329 2038 ab
2352 1984 2723 2039 Alexandrinis
2755 2000 2841 2037 ac-

512 2074 775 2139 ceperunt.
843 2067 1084 2132 Quicum
1106 2067 1276 2122 'thoth
1299 2085 1480 2134 suum,
1503 2069 1736 2140 adeoque
1758 2070 1883 2123 anni
1906 2071 2213 2141 principium
2237 2072 2302 2125 ab
2328 2073 2552 2141 Augusti
2574 2089 2724 2125 xxrx.
2747 2071 2841 2124 dn-

512 2161 713 2219 cerent,
748 2169 933 2207 aureos
956 2170 1201 2207 numeros
1223 2153 1452 2208 indidem
1472 2154 1803 2209 inchoabant,
1871 2155 1979 2209 Hos
2010 2156 2198 2209 imitati
2228 2162 2414 2227 postea
2446 2156 2645 2221 Latini,
2682 2158 2773 2226 qui
2805 2173 2842 2209 a

510 2239 743 2311 paschali
761 2254 967 2304 mense,
999 2237 1101 2292 hoc
1133 2247 1212 2293 est
1235 2240 1423 2293 Martio
1445 2240 1531 2294 vel
1554 2240 1719 2311 Aprili
1740 2256 1945 2294 sacrum
1968 2256 2163 2294 annum
2187 2241 2493 2307 ordirentur,
2525 2258 2711 2295 aureos
2742 2258 2842 2295 nu·

511 2341 708 2391 meros,
731 2341 862 2395 quos
885 2340 1003 2377 cum
1027 2324 1392 2378 Alexandrinis
1416 2325 1483 2377 ad
1505 2341 1671 2395 usque
1694 2331 1972 2380 exeuntem
1990 2328 2287 2396 Augustum
2306 2343 2615 2381 communes
2637 2326 2835 2382 habue-

509 2418 652 2477 rant,
686 2416 795 2464 toto
830 2425 968 2463 anno
1001 2411 1360 2480 pertexebant.
1425 2410 1592 2480 Igitur
1627 2427 1763 2464 anno
1796 2411 2114 2480 Dionysiano
2141 2426 2424 2467 cci-xxxiv.
2458 2414 2607 2483 cyclo
2630 2413 2837 2467 decem-

511 2496 791 2550 novennali
810 2512 920 2550 ιιι.
943 2495 1282 2549 Alexandrini
1304 2496 1370 2549 ab
1395 2496 1621 2565 Augusti
1641 2513 1787 2550 xxix.
1808 2496 1890 2549 die
1918 2497 2122 2565 cyclum
2152 2499 2382 2567 primum
2414 2514 2689 2552 numerare
2720 2515 2837 2553 coe-

509 2590 721 2655 perunt,
758 2581 982 2636 Romani
1003 2597 1125 2635 vero
1159 2586 1329 2635 totum
1360 2596 1554 2636 annum
1590 2581 1850 2636 lulianum
1883 2598 2040 2636 aureo
2062 2598 2278 2637 numero
2302 2601 2410 2638 ιιι.
2438 2585 2834 2655 consignarunt.

509 2668 635 2723 Post
655 2683 792 2722 anno
817 2684 1080 2722 cccxxxv.
1103 2683 1224 2720 cum
1246 2667 1615 2721 Alexandrinis
1639 2683 1853 2721 aureum
1877 2684 2151 2722 numerum
2176 2688 2211 2723 r.
2236 2671 2410 2723 exorsi
2434 2675 2574 2725 eunt.
2622 2669 2707 2723 Ex
2733 2686 2838 2739 quo

510 2755 708 2809 factum
730 2760 972 2825 apparet,
1003 2759 1064 2806 ut
1085 2753 1219 2822 cycli
1239 2771 1349 2806 ιιι.
1371 2753 1572 2823 primus
1595 2769 1766 2807 annus
1789 2754 1944 2807 fuerit
1965 2755 2107 2807 aurei
2129 2756 2331 2808 numeri
2352 2773 2464 2811 ιιι.
2535 2754 2673 2808 Nam
2696 2754 2839 2825 quod

511 2840 798 2895 doctissimi
813 2839 1026 2910 quidam
1043 2854 1259 2891 aureum
1277 2855 1549 2892 numerum
1567 2838 1601 2892 3
1622 2839 1826 2892 initium
1843 2839 2328 2893 decemnovennalis
2346 2840 2480 2909 cycli
2496 2842 2841 2905 constituunt,

510 2933 783 2997 propterea
804 2925 944 2996 quod
966 2924 1079 2977 Kal.
1098 2923 1206 2978 Ian.
1230 2923 1424 2978 affixus
1446 2931 1549 2989 est,
1572 2931 1755 2978 contra
1777 2924 1950 2978 Bedae
1972 2926 2293 2995 aliorumque
2308 2932 2542 2979 veterum
2566 2926 2619 2979 id
2645 2925 2841 2980 autori·

510 3017 674 3065 tatem
706 3016 975 3080 asserunt3
1010 3025 1179 3079 neque
1212 3009 1341 3062 illud
1376 3009 1817 3075 animadvertunt,
1853 3010 1983 3080 cycli
2007 3025 2116 3064 ιιι.
2152 3010 2360 3063 initium
2390 3012 2496 3063 no'n
2521 3028 2554 3064 a
2576 3011 2840 3075 Ianuario,

513 3097 606 3150 sed
627 3097 694 3149 ab
720 3096 908 3165 Aprili,
939 3094 1037 3148 hoc
1073 3101 1153 3147 est
1181 3094 1248 3147 ab
1271 3110 1334 3147 ea
1353 3094 1480 3147 luna
1504 3110 1638 3164 quae
1660 3095 1715 3148 in
1737 3095 1965 3165 Aprilem
1988 3094 2202 3159 desinit,
2235 3112 2303 3148 ex
2337 3096 2543 3149 illorum
2577 3099 2844 3150 sententia

515 3181 713 3235 deduci.
746 3181 878 3233 Hinc
901 3195 1097 3233 annum
1120 3179 1346 3249 primum
1369 3195 1437 3232 ex
1459 3179 1699 3249 Dionysii
1720 3180 1958 3234 instituto
1976 3186 2177 3233 veteres
2199 3181 2277 3233 illi
2300 3181 2478 3234 dicunt
2500 3198 2534 3234 a
2556 3182 2687 3252 prid.
2706 3183 2843 3247 Nou,

514 3267 636 3336 Apr.
658 3264 888 3319 inchoari
903 3306 916 3330 ,
940 3272 993 3317 et
1013 3266 1069 3319 in
1086 3265 1260 3318 Martii
1277 3281 1406 3319 xxn.
1434 3264 1666 3318 desinere
1681 3304 1695 3329 ,
1718 3266 1869 3335 eique
1888 3281 2107 3319 cccuu.
2126 3265 2235 3318 dies
2254 3265 2511 3320 duntaxat
2529 3276 2842 3338 competere,

515 3350 655 3421 quod
675 3351 732 3403 in
755 3366 875 3404 eum
895 3351 1051 3404 lunae
1064 3389 1077 3415 ,
1102 3351 1176 3403 sic
1199 3351 1339 3402 enim
1359 3355 1571 3416 vocant,
1597 3351 1762 3403 saltus
1785 3351 2041 3415 incurrat,
2067 3365 2201 3421 quae
2218 3356 2298 3404 est
2314 3351 2471 3404 unius
2488 3351 2571 3405 die
2587 3352 2845 3423 superflui

515 3433 760 3506 ἐξαίρεσις.
802 3435 938 3488 Tum
960 3434 1245 3490 secundum
1267 3451 1461 3488 annum
1483 3435 1614 3488 inire
1638 3435 1810 3488 Martii
1834 3453 1984 3489 xxm.
2009 3446 2061 3489 et
2082 3435 2282 3489 dierum
2304 3451 2420 3490 esse
2444 3451 2659 3503 cccciv,
2683 3445 2843 3509 atque

513 3522 587 3575 ita
608 3521 874 3592 deinceps,
897 3526 959 3574 ut
978 3520 1148 3587 Beda,
1169 3520 1369 3574 Pitatus
1391 3521 1519 3573 locis
1543 3521 1716 3573 citatis
1740 3521 1931 3590 aliique
1955 3521 2222 3575 definiunt.

648 3607 791 3660 Alter
813 3607 990 3677 cyclus
1012 3607 1209 3660 lunaris
1232 3606 1519 3677 appellatur
1541 3606 1632 3676 qni
1655 3606 1720 3659 ad
1742 3606 1921 3659 lunam
1944 3614 2242 3677 epactarum
2264 3623 2324 3660 ac
2348 3608 2669 3678 regularium
2688 3610 2845 3664 bene-

512 3692 634 3748 ficio
656 3692 1006 3762 indagandam
1028 3692 1449 3746 accommodatus
1474 3698 1575 3757 est,
1611 3692 1748 3762 quod
1781 3693 1923 3744 aurei
1955 3695 2155 3745 numeri
2177 3698 2441 3762 praestare
2469 3710 2575 3747 non
2599 3701 2843 3764 possunt.

516 3778 616 3842 Qui
638 3794 756 3831 cum
779 3795 846 3830 ex
869 3777 1337 3831 Alexandrinorum
1360 3777 1670 3832 Kalendario
1694 3778 1934 3831 translati
1965 3779 2070 3831 sint
2103 3793 2164 3831 ac
2195 3794 2288 3847 per
2321 3784 2628 3832 contextum
2668 3780 2846 3834 Latini

516 3865 641 3918 anni
663 3862 860 3926 diffusi,
893 3863 1041 3916 cuius
1065 3863 1206 3916 aliud
1229 3863 1461 3926 initium,
1494 3863 1597 3915 alia
1624 3864 1884 3916 mensium
1906 3862 2177 3932 dispositio
2202 3868 2307 3923 est,
2342 3879 2476 3933 quae
2499 3880 2566 3917 ex
2590 3864 2697 3918 illis
2723 3882 2844 3936 epa·

517 3956 627 4003 ctae
645 3950 906 4002 communi
923 3947 1163 4002 methodo
1182 3955 1517 4018 consurgunt,
1536 3948 1773 4000 eruendis
1794 3948 2071 4001 noviluniis
2090 3949 2209 4000 usui
2226 3965 2339 4001 csse
2358 3956 2641 4019 nequeunt.
2672 3951 2845 4015 Quare

517 4036 618 4088 tria
633 4034 696 4087 de
714 4050 869 4087 aureo
887 4050 1102 4086 numero
1122 4032 1434 4086 detrahenda
1456 4039 1605 4098 sunt,
1626 4039 1687 4085 ut
1707 4050 1798 4103 per
1821 4039 2027 4103 epactas
2051 4049 2113 4085 ac
2134 4035 2401 4102 regulares
2425 4035 2699 4089 novilunia
2722 4053 2845 4090 con-

518 4134 811 4188 sequamur.
858 4120 1029 4188 Atque
1061 4118 1117 4171 in
1151 4117 1287 4171 hunc
1322 4117 1536 4171 modum
1571 4117 1810 4172 diminuti
1845 4119 2048 4171 numeri
2081 4119 2286 4186 cyclum
2320 4120 2558 4172 lunarem
2592 4120 2844 4175 efficiunt.

517 4204 691 4257 Veluti
712 4204 826 4258 Kal.
847 4204 955 4259 Ian.
980 4219 1167 4256 aureus
1191 4219 1437 4256 numerus
1461 4221 1538 4258 111.
1569 4203 1859 4273 adscriptus
1891 4208 1997 4267 est,
2028 4202 2093 4255 de
2127 4219 2229 4272 quo
2264 4204 2532 4257 subductis
2564 4207 2734 4260 tribus
2766 4224 2845 4260 re·

517 4289 776 4358 spondent
795 4304 825 4341 e
849 4289 994 4357 cyclo
1017 4290 1189 4342 lunari
1211 4306 1336 4352 xxx„
1366 4304 1499 4358 quae
1525 4288 1764 4341 undecim
1787 4287 1972 4341 additis
1996 4305 2102 4341 xxx
2128 4294 2335 4358 epactas
2359 4289 2663 4346 conficiunt.
2734 4292 2845 4345 Hae

518 4389 624 4426 uno
647 4374 870 4443 regulari
893 4374 1065 4427 addito
1089 4391 1218 4427 ιιιι
1241 4375 1527 4444 complent,
1564 4389 1698 4442 quae
1729 4373 2048 4426 novilunium
2084 4373 2329 4427 indicant.
2398 4375 2580 4445 Itaque
2612 4378 2762 4431 nulla
2789 4377 2845 4431 id

520 4457 726 4509 inscitia
744 4459 940 4511 factum
964 4465 1068 4522 est,
1102 4459 1293 4528 duplex
1318 4466 1378 4510 ut
1396 4459 1532 4528 apud
1555 4458 1769 4510 Latinos
1792 4459 1964 4526 cyclus
1989 4465 2152 4522 esset,
2185 4459 2324 4527 quod
2355 4459 2569 4513 ridicule
2605 4463 2708 4515 sibi
2730 4478 2844 4532 per-

525 4540 706 4592 suadet
727 4541 958 4612 Scaliger
976 4562 1024 4596 v.
1047 4543 1109 4596 de
1133 4543 1347 4596 Emend.
1369 4544 1571 4612 Temp.‚
1600 4543 1690 4596 ubi
1713 4542 1775 4595 de
1799 4542 1997 4612 epocha
2018 4544 2186 4597 lunari
2210 4544 2661 4615 Constantinopol.
2684 4546 2846 4600 disse-

525 4625 608 4679 rit.
652 4625 761 4679 Hoc
784 4627 923 4681 enim
944 4629 1237 4682 necessario
1261 4629 1328 4682 ab
1357 4628 1461 4682 illis
1493 4627 1869 4683 instituendum
1899 4628 2021 4696 fuit,
2053 4635 2397 4700 posteaquam
2431 4632 2597 4686 semel
2618 4632 2847 4687 Alexan-
