3185 5219
2372 404 2585 463 ccxm

252 576 400 626 nera,
423 560 532 614 elia
554 562 800 631 graviora
819 566 876 616 et
893 561 1161 632 capitalia,
1196 576 1332 632 quae
1362 561 1673 615 nominatim
1695 574 1923 615 canones
1945 560 2436 631 complectebantur,
2471 562 2583 632 qui·

252 647 452 717 basque
467 647 680 718 pnbh‘ca
698 647 1017 718 poenitentia
1034 664 1167 718 opus
1184 653 1320 712 erat,
1344 648 1539 701 leviora
1560 649 1745 711 altera,
1778 645 1876 700 boc
1899 654 1981 701 est
2000 663 2033 701 a
2053 648 2341 701 canonibus
2358 654 2582 717 praeter-

251 732 348 798 ita,
379 733 565 803 primis
588 733 839 787 eeclesiae
862 732 1208 803 temporibus,
1240 733 1331 802 qui
1363 749 1420 786 se
1453 734 1639 804 prioris
1671 733 1878 803 generis
1912 733 2140 802 peccatis
2164 733 2585 798 obstrinxissent,

253 817 316 870 ad
347 818 626 888 episcopos
657 818 1000 888 utplurimum
1034 818 1284 872 adeuntes
1312 819 1685 889 praescriptam
1708 819 1775 871 ab
1798 818 1863 871 iis
1887 818 2263 888 poenitentiam
2287 819 2582 887 explebant.

253 904 323 957 Ac
354 903 402 955 si
438 904 558 972 quis
586 904 941 957 vetustissima
976 904 1298 957 monimenta
1330 904 1631 974 diligentins
1666 905 1928 974 exploret,
1962 904 2191 956 inveniet
2222 903 2290 956 ab
2325 903 2583 973 episcopis

249 987 376 1058 ipsis
395 987 756 1043 administrata
773 987 938 1042 ferme
956 990 1133 1042 omnia
1146 1030 1159 1054 ,
1184 1005 1318 1059 quae
1338 989 1402 1042 ad
1423 989 1743 1059 poenitentes
1760 989 2072 1052 attinebant,
2096 1004 2214 1042 cum
2239 994 2293 1042 et
2312 989 2584 1057 pauciores

252 1072 420 1127 adhuc
436 1072 720 1127 Christiani
734 1073 933 1139 forent,
957 1081 1010 1127 et
1023 1076 1221 1128 rariora
1239 1075 1426 1128 delicta
1438 1113 1452 1138 ,
1476 1090 1611 1144 quse
1628 1075 1889 1144 publicam
1910 1073 2283 1144 poenitentiam
2296 1074 2583 1142 exigerent.

251 1158 598 1228 Posteaquam
621 1176 746 1213 vero
769 1161 962 1231 pariter
983 1166 1036 1213 et
1055 1159 1287 1214 fidelium
1310 1176 1584 1224 numerus,
1617 1166 1673 1212 et
1700 1160 1912 1214 maioris
1945 1160 2036 1213 illa
2059 1160 2407 1229 poenitentiae
2429 1173 2584 1228 seges

254 1246 506 1310 exeruit,
531 1246 775 1314 graviora
797 1246 995 1299 seilicet
1017 1246 1358 1316 capitalisque
1381 1246 1626 1309 crimina,
1649 1261 1770 1299 cum
1797 1261 1931 1299 unus
1953 1260 2048 1315 par
2074 1245 2313 1298 omnibus
2337 1260 2454 1297 esse
2477 1261 2585 1297 non
2636 1265 2680 1304 p.
2696 1251 2786 1295 24³.

251 1338 428 1402 posset
452 1331 756 1402 episcopus,
789 1331 1041 1385 vicarium
1065 1330 1166 1384 sibi
1188 1332 1547 1401 presbyterum
1573 1331 1867 1394 substituit,
1903 1347 2007 1400 quo
2031 1346 2148 1383 cuin
2173 1330 2401 1383 laborem
2426 1330 2585 1400 parti-

253 1424 404 1482 retur,
441 1418 635 1487 quique
667 1417 730 1469 iis
756 1417 1085 1487 potissimum
1112 1416 1381 1469 audiendis
1403 1423 1612 1469 vacaret
1634 1417 1725 1486 qni
1747 1416 1958 1486 publica
1981 1416 2298 1486 poenitentia
2328 1432 2395 1469 ex
2429 1430 2583 1468 cano·

251 1518 378 1558 num
400 1502 673 1554 sanctione
696 1508 1009 1556 tenerentur.
1077 1501 1212 1554 Nam
1235 1518 1326 1554 eos
1340 1541 1353 1565 ,
1378 1502 1466 1570 qui
1491 1502 1745 1571 privatam
1770 1501 2130 1554 tantummodo
2154 1500 2529 1564 desiderarent,
2552 1516 2587 1553 a

251 1587 620 1641 minutioribus
644 1587 960 1657 presbyteris
985 1588 1254 1640 absolutos
1288 1603 1405 1639 esse
1439 1586 1684 1641 credibile
1717 1586 1793 1640 fit.
1862 1586 1933 1639 Et
1964 1587 2171 1656 quidem
2208 1587 2331 1639 olim
2367 1587 2585 1641 absente

253 1673 500 1743 episeopo
518 1688 894 1742 nonnunquam
918 1688 953 1725 a
974 1673 1290 1742 presbyteris
1312 1672 1635 1726 reconciliari
1658 1672 1983 1742 poenitentes
2008 1672 2272 1734 solebaut3
2297 1671 2389 1725 sed
2412 1680 2583 1724 extra·

254 1756 570 1811 ordinarium
593 1757 674 1811 ius
697 1757 825 1811 illud
847 1764 985 1823 erat,
1018 1762 1073 1811 et
1098 1757 1378 1811 identidem
1402 1758 1468 1811 ab
1493 1758 1736 1828 episcopo
1760 1758 2064 1811 mandatnm
2080 1797 2094 1821 ,
2127 1774 2235 1811 non
2268 1756 2586 1811 ordinarium

251 1859 312 1897 ac
328 1844 488 1896 certis
503 1841 802 1897 homiuibus
820 1844 874 1896 in
893 1850 1202 1914 perpetuum
1219 1843 1544 1897 attributum.
1579 1841 1750 1907 Quare
1770 1852 1829 1897 ut
1845 1843 1983 1914 apud
2002 1843 2267 1897 Romanos
2286 1843 2588 1913 capitalium

251 1944 557 1982 caussarum
579 1928 809 1998 cognitio
827 1929 1054 1999 primum
1073 1945 1107 1981 a
1123 1934 1335 1994 senatu,
1358 1929 1561 1999 quoties
1585 1945 1717 1999 opus
1741 1936 1879 1993 erat,
1902 1931 2177 1983 consulum
2200 1928 2372 1991 alteri,
2408 1928 2587 1980 ambo·

249 2014 436 2080 busve,
470 2021 566 2067 ant
585 2015 704 2067 aliis
725 2015 1121 2084 magistratibus
1145 2015 1585 2078 committebatur,
1620 2022 1805 2085 postea
1835 2016 2141 2084 quaestione
2164 2015 2375 2084 publica
2397 2013 2588 2067 consti,

250 2105 361 2154 tnta
383 2100 612 2169 singulis
636 2100 968 2166 criminibus,
1003 2115 1137 2170 quae
1163 2100 1370 2170 quidem
1397 2101 1655 2154 atrociora
1679 2106 1878 2165 essent,
1910 2117 2038 2153 snus
2070 2105 2153 2152 est
2173 2099 2331 2155 iudex
2358 2115 2418 2152 ac
2440 2115 2587 2170 prae-

249 2190 331 2239 tor
352 2186 651 2256 appositus:
677 2186 753 2238 sic
777 2186 832 2238 in
856 2186 1077 2239 ecclesia
1102 2185 1365 2256 qnondam
1389 2186 1769 2256 poenitentium
1792 2201 2007 2239 caussas
2032 2185 2221 2255 quibus
2246 2186 2403 2239 vellet
2424 2186 2588 2239 disce·

249 2271 469 2341 ptaudas
493 2269 776 2324 mandabat
808 2272 1112 2341 episcopus,
1144 2278 1330 2341 postea
1359 2278 1532 2325 certus
1563 2287 1627 2324 ac
1657 2278 1941 2342 perpetuus
1975 2271 2279 2340 graviorum
2310 2272 2585 2325 criminum

248 2356 404 2410 index
419 2394 433 2420 ‚
456 2354 558 2410 hoe
581 2362 664 2408 est
685 2356 925 2426 publicae
947 2357 1300 2428 poenitentiae
1324 2355 1715 2410 administrator
1734 2358 2007 2411 institutus
2031 2363 2125 2409 est.
2172 2356 2441 2410 Eiusmodi
2463 2374 2587 2428 poe·

250 2442 579 2496 nitentiarius
601 2441 689 2494 ille
713 2443 984 2512 presbyter
1007 2441 1131 2506 fuit,
1156 2442 1442 2495 orientibus
1464 2442 1800 2507 Novatianis‚
1825 2443 1870 2496 si
1894 2441 2186 2496 Novatiano
2211 2441 2455 2496 historico
2478 2458 2588 2497 cre-

251 2527 445 2592 dimus,
468 2543 503 2579 a
523 2525 794 2581 catholicis
817 2527 1064 2581 adscitus.
1111 2527 1251 2581 idem
1275 2533 1460 2598 postea
1481 2527 1649 2598 stupri
1672 2529 1813 2581 illius
1839 2529 2109 2582 occasione
2135 2527 2590 2599 Constantinopoli

250 2615 488 2668 sublatus
503 2654 516 2678 ‚
534 2629 744 2683 unaque
762 2629 881 2667 cum
900 2630 961 2667 eo
979 2614 1330 2684 poenitentiae
1347 2614 1587 2685 publicae
1606 2630 1732 2668 usus
1750 2615 2071 2686 interruptus
2088 2622 2183 2668 est.
2218 2614 2587 2680 Poeuiteutiae‚

250 2701 495 2770 isquam,
526 2715 635 2753 nou
670 2699 1014 2753 confessionis
1047 2700 1315 2770 publicae,
1350 2715 1484 2769 quae
1515 2700 1661 2753 nulla
1692 2716 1925 2771 unquam
1959 2701 2013 2754 in
2044 2717 2219 2753 rerum
2250 2710 2441 2752 natura
2471 2699 2588 2755 fuit.

251 2784 400 2849 Quod
419 2785 564 2839 enim
587 2785 796 2855 publica
818 2784 1079 2839 duntaxat
1097 2785 1420 2855 poenitentia
1441 2801 1687 2856 supressa
1709 2786 1801 2851 sit,
1835 2785 1918 2838 vel
1955 2791 2106 2839 autor
2127 2786 2238 2855 ipse
2260 2791 2382 2854 post
2402 2784 2588 2838 Socra·

250 2877 356 2924 tem
379 2871 694 2925 narrationis
723 2871 864 2924 illius
887 2869 1210 2924 Sosomenus
1243 2869 1496 2935 ostendit,
1532 2871 1623 2939 qui
1654 2870 1821 2935 idem,
1858 2871 1996 2940 quod
2021 2869 2475 2939 Constantinopoli
2497 2871 2588 2924 ab·

250 2963 498 3027 rogatum
537 2956 766 3022 dixerat,
807 2956 936 3010 aiibi
971 2962 1254 3020 terrarum,
1299 2961 1351 3008 et
1382 2955 1439 3008 in
1476 2955 1743 3009 occidente
1779 2971 1839 3009 ac
1875 2954 2072 3008 Romae
2107 2955 2438 3024 potissimum
2474 2972 2589 3026 per-

250 3058 518 3096 severasse
553 3041 731 3105 docet;
772 3041 912 3112 quod
952 3040 1244 3095 cuiusmodi
1277 3045 1421 3093 esset
1453 3056 1723 3111 exponens
1763 3041 1967 3095 nullum
2007 3041 2168 3093 alium
2207 3041 2311 3093 nisi
2343 3041 2587 3111 publicae

249 3128 606 3199 poenitentiae
625 3128 783 3181 ritum
805 3126 1095 3198 significat,
1118 3128 1316 3180 luctum
1331 3125 1601 3192 videlicet,
1624 3126 1882 3196 lacrymas
1906 3143 2027 3180 cum
2050 3127 2426 3197 poenitentium
2449 3128 2587 3198 ipso·

251 3229 391 3278 rum,
422 3219 542 3267 tum
565 3214 794 3284 episcopi
817 3213 983 3285 ipsius
1008 3228 1069 3266 ac
1091 3213 1253 3267 totius
1276 3213 1484 3283 populi,
1516 3211 1582 3265 ad
1604 3211 1734 3265 haec
1756 3213 1976 3277 ieiunia,
2009 3213 2215 3266 crebras
2240 3214 2501 3267 orationes
2525 3229 2588 3266 ae

250 3301 533 3364 stationes,
557 3307 808 3353 sexcenta
830 3298 884 3352 id
907 3314 1075 3368 genus
1090 3339 1104 3363 ‚
1130 3315 1352 3369 quorum
1374 3298 1429 3352 in
1446 3299 1711 3353 veteribus
1729 3298 1963 3353 conciliis
1982 3314 2044 3351 ac
2062 3305 2360 3353 sanctorum
2376 3305 2588 3370 patrum

249 3385 606 3463 monumentis
627 3384 872 3455 frequens
893 3390 976 3438 est
996 3391 1049 3438 et
1071 3389 1313 3438 accurata
1334 3385 1548 3440 mentio.
1619 3384 1874 3456 Nuspiam
1905 3393 2080 3439 autem
2114 3385 2351 3456 publicae
2382 3385 2588 3440 confes·

251 3471 413 3527 sionis
435 3487 594 3525 usum
617 3486 684 3523 ne
706 3470 858 3524 litera
879 3469 1089 3540 quidem
1112 3472 1333 3541 attigere
1356 3469 1601 3524 Socrates
1628 3487 1690 3525 ae
1714 3470 2063 3536 sozomenum
2098 3487 2269 3541 neque
2300 3488 2452 3543 porro
2483 3473 2587 3541 pri·

250 3563 428 3623 ratae,
463 3556 548 3609 vel
571 3555 938 3621 consessionis,
972 3555 1054 3608 vel
1087 3557 1438 3628 poenitentiae
1470 3559 1845 3622 meminerunt;
1882 3573 2041 3627 quam
2076 3563 2351 3627 utramque
2383 3558 2588 3610 salvam

250 3649 408 3715 atque
441 3643 760 3696 incolumem
793 3642 950 3695 etism
986 3640 1440 3713 Constantinopoli
1475 3644 1733 3695 mansisse
1766 3643 1965 3695 nemini
2003 3642 2221 3696 dubium
2261 3659 2377 3695 esse
2418 3642 2585 3696 debet.

248 3729 432 3800 Neque
457 3743 754 3798 quenquam
779 3732 1009 3792 moveat,
1044 3728 1185 3797 quod
1208 3728 1450 3781 Socrates
1477 3727 1711 3790 subiicit,
1744 3726 2130 3780 Eudaemonem
2154 3728 2342 3793 istum,
2374 3728 2461 3797 qui
2486 3726 2586 3780 Ne·

249 3815 414 3868 ctario
450 3813 741 3882 abrogandi
774 3813 1160 3883 poenitentiarii
1199 3812 1492 3884 presbyteri
1524 3812 1802 3866 consillum
1842 3810 2006 3877 dedit,
2048 3811 2311 3866 hortatum
2351 3828 2490 3875 esse,
2531 3817 2590 3865 ut

250 3914 682 3969 uumquemque
704 3913 832 3951 suae
857 3899 1205 3954 conscientiae
1228 3899 1566 3967 relinqueret:
1590 3899 1914 3967 συγχωρῆσαι
1937 3895 1990 3949 δὲ
2014 3896 2220 3950 ἕκαστον
2244 3902 2317 3968 τῷ
2342 3895 2452 3967 ἰδίῳ
2476 3914 2587 3948 συν-

251 3986 401 4038 ειδότι
421 3986 525 4037 τῶν
549 3982 830 4055 μυστηρίων
854 3983 1096 4054 tanqam:
1156 3983 1222 4036 Ue
1248 3992 1431 4051 suapte
1455 3986 1767 4035 conscientia
1777 3985 1954 4051 fietus
1988 3988 2188 4054 eiusque
2216 3993 2415 4036 secutus
2447 3983 2587 4034 arbi·

253 4076 403 4124 mune
427 4072 670 4138 mysteria
695 4079 997 4139 capesseret.
1032 4067 1166 4121 Nam
1187 4067 1315 4121 illud
1338 4067 1474 4120 inter
1496 4067 1823 4139 antiquitatis
1846 4069 2226 4122 ecclesiasticae
2248 4068 2442 4139 peritos
2464 4083 2588 4120 con·

251 4157 419 4221 venit,
450 4155 716 4226 publicam
740 4154 866 4207 olim
887 4154 1285 4224 poenitentiam,
1319 4151 1419 4206 hoc
1444 4158 1524 4207 est
1542 4168 1740 4224 poenas
1762 4154 1930 4225 ipsas,
1966 4154 2156 4224 quibus
2180 4152 2586 4218 satisfaciebant,

255 4255 540 4311 earumque
559 4245 770 4311 tempus
792 4255 856 4293 ac
887 4240 1142 4293 rationem
1172 4246 1282 4292 tam
1311 4245 1614 4293 constanter
1647 4256 1707 4293 ac
1743 4255 1922 4293 severe
1956 4245 2008 4292 et
2041 4239 2108 4291 ad
2143 4253 2374 4309 unguem
2411 4238 2587 4291 obser-

257 4343 404 4381 vasse
437 4327 668 4397 priscam
699 4325 999 4390 ecclesiam,
1033 4331 1092 4378 ut
1125 4330 1245 4378 ante
1278 4325 1474 4379 iustam
1509 4342 1569 4379 ac
1599 4325 1886 4396 legitimam
1920 4325 2059 4378 illins
2081 4324 2404 4377 functionem
2436 4323 2586 4378 nefas

258 4427 370 4466 esse
402 4417 614 4484 putaret
647 4410 714 4464 ad
746 4427 930 4482 pacem
964 4417 1020 4465 et
1051 4412 1475 4465 communionem
1508 4411 1768 4465 accedere.
1836 4410 1968 4463 Hinc
2001 4425 2147 4463 acres
2170 4425 2231 4462 ac
2252 4408 2584 4465 vehementes

257 4497 647 4569 illaeCypriani
676 4497 980 4567 praesertim
1008 4498 1274 4565 querelae,
1309 4513 1439 4567 quas
1472 4498 1528 4550 in
1559 4497 1693 4551 libro
1723 4496 1786 4550 de
1809 4495 2018 4565 Lapsis,
2053 4500 2107 4547 et
2138 4495 2193 4548 in
2227 4494 2472 4566 Epistolis
2504 4496 2584 4550 in-

259 4584 438 4637 culcat.
474 4585 613 4636 Ante
631 4585 842 4652 expiata
866 4583 1057 4635 delicta
1081 4583 1180 4652 (ait
1211 4583 1344 4637 libro
1367 4582 1431 4635 de
1453 4581 1679 4652 Lepsia),
1705 4590 1823 4635 ante
1845 4580 2459 4651 exhomologesinfactam
2483 4586 2585 4636 cri-

259 4673 430 4735 stinia,
465 4679 588 4724 ante
611 4676 896 4740 purpuram
928 4671 1288 4722 conscientiam
1312 4670 1571 4738 sacr-§ticio
1596 4676 1817 4721 dmm
1838 4668 2150 4733 mordetis,
2183 4679 2303 4723 ante
2334 4672 2575 4740 offensam
2630 4698 2680 4737 p.
2701 4683 2790 4726 na
