3185 5219
2472 401 2596 460 ux

395 559 553 623 Βυθὶς
577 560 744 633 Σιγὴ]
795 560 1100 632 Legendum
1124 560 1337 616 omnino
1360 560 1516 622 Buo'og
1540 560 1622 613 καὶ
1645 559 1795 631 Σιγὴ,
1827 564 1889 613 ut
1920 560 1974 612 in
1997 559 2214 613 caeteris
2237 558 2467 630 paribus.
2519 558 2595 612 Ac

266 660 379 700 cum
403 651 518 701 tota
538 648 634 701 illa
655 649 816 701 series
839 647 976 719 apud
998 646 1270 700 Irenaeum
1296 653 1352 700 et
1372 646 1750 700 Tertullianum
1779 646 2003 715 legatur,
2034 644 2158 717 quid
2190 645 2328 717 apud
2357 644 2594 714 singulos

262 731 524 787 diversum
546 734 619 787 sit
639 751 737 788 suo
758 735 877 788 loco
900 734 1181 787 docebitur.

360 817 425 872 N.
447 837 529 875 m.
564 818 717 872 Οὕτω
740 817 835 891 γάρ
862 836 981 888 φασι
1003 819 1083 873 καὶ
1108 817 1153 873 ol
1176 818 1283 889 περὶ
1307 817 1392 870 τὀν
1417 817 1691 885 ‘He-{odom}
1737 818 1867 871 Cum
1890 816 2145 871 vocabula
2165 817 2309 888 ipsa,
2331 821 2447 870 tum
2469 814 2594 870 ordo

260 904 469 959 illorum
499 921 561 960 ac
595 906 756 959 series
786 906 1069 978 plurimum
1093 906 1161 959 ab
1181 905 1436 961 Hesiodeo
1459 905 1549 959 illo
1574 904 1813 976 catalogo
1846 904 2156 974 discrepant.
2222 902 2332 956 Sed
2360 903 2418 956 in
2436 902 2595 972 nugis

263 989 576 1063 μικρολογτίν
598 993 839 1063 putidum
860 998 956 1047 est.

393 1075 457 1131 N.
482 1095 556 1131 rv.
595 1078 672 1131 Τὰ
695 1077 749 1131 δὲ
772 1077 907 1149 παρὰ
932 1077 1223 1149 φρονίμοις.]
1273 1076 1504 1130 Obscura
1534 1081 1588 1129 et
1614 1076 1855 1129 intricata
1877 1076 2140 1130 Valentini
2161 1074 2290 1129 haec
2311 1080 2392 1128 est
2415 1075 2594 1128 oratio.

259 1160 440 1216 Priora
461 1163 674 1234 quidem
695 1165 788 1218 illa
808 1164 1161 1235 inscriptionis
1183 1163 1462 1218 formulam
1482 1162 1798 1233 praeferunt.
1843 1161 2116 1215 Caeterum
2137 1160 2236 1215 hoe
2260 1162 2433 1232 ipsum
2455 1159 2596 1230 frag·

260 1253 500 1303 mentum
527 1266 701 1320 neque
732 1266 765 1303 a
785 1251 1060 1304 Valentino
1091 1250 1341 1320 scriptum
1355 1288 1369 1314 ,
1399 1265 1569 1319 neque
1591 1265 1782 1320 purum
1806 1265 1865 1301 ae
1887 1253 2074 1319 putum
2089 1248 2231 1300 illius
2249 1247 2440 1317 dogma
2455 1262 2595 1300 com·

261 1333 527 1405 plectitur,
563 1335 656 1388 sed
680 1336 746 1389 ab
770 1336 882 1389 eius
907 1335 1171 1405 discipulis
1194 1335 1591 1406 interpolatum,
1616 1341 1676 1387 ut
1698 1351 1766 1387 ex
1789 1333 2000 1388 Tertull.
2024 1333 2299 1402 colligitur.

394 1418 523 1472 Οὔτε
547 1419 643 1491 γὰρ
666 1419 821 1491 ἀρχῆς
846 1418 873 1472 ὃ
897 1418 1246 1492 Αὖτοπάτωρ.]
1289 1420 1594 1489 Legendum
1617 1420 1857 1473 arbitror:
1895 1415 1978 1470 ὅτε
2000 1416 2094 1490 γὰρ
2119 1416 2167 1479 ἐξ
2191 1415 2361 1488 ἀρχῆς.

396 1504 537 1557 Μετὰ
557 1510 708 1559 τοῦτο
731 1506 785 1558 ὃὶ
808 1504 838 1573 ἡ
858 1506 1021 1576 Emi]
1064 1505 1330 1569 Quantum
1352 1506 1407 1558 in
1430 1506 1770 1560 tenebricosis
1793 1504 2175 1575 implicatisque
2195 1503 2389 1557 fabulis
2413 1503 2597 1574 dispici

262 1594 463 1660 potest,
487 1590 586 1644 hoc
610 1592 782 1663 ipsum
806 1591 1102 1661 significare
1124 1592 1351 1644 videtur:
1396 1590 1559 1661 Sigen
1583 1589 1808 1661 eBytho
1835 1590 2043 1643 Patrem
2066 1590 2312 1659 genuisse
2334 1589 2595 1654 Veritatis,

260 1681 375 1728 tum
404 1691 528 1729 vero
560 1693 682 1731 cum
716 1677 899 1731 eodem
931 1678 1021 1730 illo
1056 1693 1214 1747 quem
1244 1683 1500 1748 genuerat
1529 1677 1826 1748 copulatam
1847 1676 2132 1730 Veritatem
2156 1675 2392 1730 edidisse.
2448 1674 2596 1738 Quod

262 1761 412 1815 aliter
434 1761 574 1831 apud
595 1763 728 1818 Ireu.
757 1769 809 1816 et
830 1763 1042 1816 Tertull.
1065 1764 1272 1833 legitur.
1330 1763 1467 1817 Nam
1501 1780 1569 1816 ex
1594 1761 1765 1832 Bytho
1798 1768 1852 1815 et
1874 1761 2001 1830 Sige
2025 1762 2209 1815 ambos
2231 1761 2348 1814 illos
2371 1761 2596 1825 Aeonas,

261 1845 470 1901 Patrem
490 1848 601 1901 sive
623 1847 770 1913 Nun,
792 1853 847 1901 et
867 1848 1150 1904 Veritatem
1172 1855 1442 1919 susceptos
1465 1854 1722 1903 asserunt.

398 1930 460 1987 Ἥ
485 1929 733 2005 ἄφθαρτος
753 1931 964 2003 αἰωνίῳ]
998 1934 1124 2004 Leg.
1145 1932 1265 1986 αἰὼν
1282 1951 1377 2004 pro
1396 1932 1583 1988 αἰωνία.
1619 1933 1754 1988 Nam
1772 1940 1825 1986 et
1838 1934 2062 1989 feminas
2081 1932 2285 1986 Aeones
2293 1932 2599 1986 Valentinus

276 2019 602 2075 nominabat.
647 2019 859 2073 Tertull.
884 2025 1067 2074 contra
1087 2021 1291 2075 Valent.
1316 2036 1429 2092 cap.
1453 2038 1538 2077 rx:
1573 2021 1867 2074 Novissima
1889 2028 2014 2072 natu
2036 2021 2210 2072 Aeon.-
2241 2020 2434 2072 viderit
2447 2020 2603 2072 soloe-

266 2108 471 2169 cismus,
493 2105 692 2177 Sophia
715 2111 843 2159 em'm
869 2124 1041 2159 nomen
1065 2117 1152 2163 ese.

266 2278 515 2348 sumpsit,
552 2283 613 2331 ut
646 2277 856 2348 μητρυιὴ
882 2274 979 2328 ἀπὶ)
1003 2280 1090 2344 τῆς
1115 2278 1300 2350 μήτρας
1325 2278 1606 2332 deductum
1637 2278 1720 2331 sit.
1773 2278 2025 2348 Origenes
2048 2278 2104 2331 in
2127 2277 2338 2331 Celsum
2368 2284 2495 2331 tom.
2519 2296 2597 2333 vr:

270 2361 540 2433 Προῦναὴν
566 2362 625 2416 δέ
643 2380 750 2417 τινα
772 2362 949 2434 σοφίαν
973 2362 1019 2417 οἱ
1043 2361 1140 2415 ἀπὸ
1164 2362 1490 2417 Οὐαλεντίνου
1515 2360 1812 2435 ὀνομάζουσι
1834 2360 1960 2415 κατὰ
1987 2361 2072 2431 τὴν
2098 2363 2468 2435 πεπλανημένην
2487 2361 2601 2415 ἰαυ-

267 2452 365 2500 τῶν
390 2448 584 2518 σοφίαν·
609 2442 667 2516 ἥς
692 2448 947 2521 σύμβολον
973 2444 1090 2503 εἶναι
1115 2449 1375 2519 βούλονται
1399 2449 1479 2502 καὶ
1504 2449 1698 2502 δώδεκα
1722 2446 1870 2502 ἔτεσιν
1895 2448 2281 2522 αἱμορῤοοῦσαν,
2313 2449 2417 2503 Sed
2438 2465 2603 2503 unam

266 2532 530 2605 quandam
562 2550 623 2588 ac
657 2536 982 2606 singularem
1017 2534 1290 2607 Προῦνικον
1325 2554 1360 2590 a
1392 2536 1773 2591 Valentinianis
1807 2537 2121 2608 appellatam
2153 2553 2260 2591 non
2293 2541 2446 2608 puto,
2481 2553 2600 2590 cum

266 2619 564 2692 Προῦνίκους
587 2621 793 2677 Aeones
818 2639 999 2677 omues
1025 2623 1427 2694 nuncupaverit,
1451 2623 1550 2677 hoc
1574 2623 1781 2693 quidem
1803 2625 1861 2676 in
1882 2624 2034 2679 libro.

394 2706 459 2763 N.
482 2725 555 2763 vr.
590 2705 735 2770 Ἥτις
763 2708 922 2776 ἡνώθε
955 2713 1058 2771 τοῖς
1095 2709 1265 2779 φωσί.]
1317 2709 1453 2773 Quid
1485 2710 1530 2762 si
1549 2707 1703 2760 Αἰῶσι
1734 2726 1828 2781 pro
1862 2709 1992 2780 φωσὶ
2023 2709 2301 2781 legendum
2337 2710 2442 2763 sit?
2493 2709 2596 2764 Sed

268 2808 397 2864 quae
420 2800 712 2865 sequuntur
735 2796 986 2865 perplexa
1008 2802 1133 2848 sunt
1155 2795 1438 2848 admodum
1461 2800 1517 2848 et
1537 2796 1774 2849 obscura.

396 2878 459 2933 N.
484 2897 558 2935 ιι.
594 2878 686 2933 ’Ea
702 2884 802 2933 τῶν
822 2885 910 2934 τοῦ
930 2879 1111 2953 ἁγίου]
1146 2881 1434 2934 Plurimum
1452 2881 1535 2933 vel
1558 2878 1659 2933 hoc
1679 2897 1784 2933 uno
1807 2881 2018 2933 nomine
2041 2880 2105 2933 de
2129 2881 2274 2934 omni
2293 2881 2598 2952 posteritate

214 2965 219 2974 ’
261 2966 476 3020 meritus
496 2973 579 3020 est
594 2965 939 3038 Epiphanius,
964 2967 1103 3038 quod
1130 2966 1241 3020 eius
1264 2966 1435 3019 studio
1460 2966 1660 3019 factum
1684 2971 1789 3032 est,
1816 2970 1876 3019 ut
1897 2965 2098 3020 Irenaei
2119 2967 2417 3036 fragmenta
2438 2983 2597 3038 quae-
2682 2999 2694 3012 ·

266 3052 384 3105 dam
418 3069 489 3106 ex
522 3058 669 3105 tanto
702 3053 845 3106 illius
881 3070 1097 3123 operum
1130 3051 1407 3122 naufragio
1443 3058 1795 3123 superessent.
1846 3051 1953 3106 Nos
1989 3069 2054 3106 ea
2086 3069 2205 3106 cum
2227 3051 2416 3108 Latina
2436 3055 2598 3109 veteri

263 3137 712 3208 interpretatione,
738 3137 878 3207 quod
901 3139 1028 3192 olim
1048 3138 1237 3192 Billius
1259 3138 1478 3204 fecerat,
1515 3138 1791 3207 diligenter
1814 3139 2155 3204 contulimus,
2187 3145 2241 3192 et
2263 3145 2467 3193 nostras
2489 3139 2597 3194 Bil-

264 3222 421 3293 liique
444 3224 768 3277 coniecturas
792 3224 858 3277 ad
881 3224 1175 3294 marginem
1198 3224 1595 3295 adscripsimus,
1627 3240 1796 3294 neque
1828 3225 2110 3295 quicquam
2141 3226 2242 3279 nisi
2272 3242 2340 3278 ex
2362 3229 2597 3282 veterum

262 3324 421 3363 manu
443 3315 779 3363 exaratorum
799 3308 907 3363 fide
927 3311 982 3363 in
1006 3315 1255 3363 contextu
1279 3311 1394 3380 ipso
1417 3312 1757 3366 mutavimus.

395 3394 459 3450 N.
482 3415 536 3451 x.
574 3394 682 3448 Οὐκ
705 3392 1002 3462 {actm-ricem
1027 3394 1081 3448 δὲ
1103 3396 1219 3466 παρ’
1242 3394 1422 3466 ἡμῶν]
1479 3395 1628 3459 Quod
1650 3413 1921 3468 perperam
1944 3402 2101 3450 antea
2123 3396 2331 3468 Δέλφοις
2353 3415 2448 3471 pro
2475 3397 2597 3451 Κελ-

267 3485 364 3544 τοῖς
385 3482 676 3553 legebatur,
700 3498 768 3535 ex
790 3481 923 3553 Reg.
950 3479 1074 3535 Cod.
1098 3482 1373 3536 autoritate
1396 3483 1723 3536 sustulimus.

395 3567 458 3622 N.
482 3586 557 3622 ιι.
594 3567 686 3620 Καὶ
709 3567 940 3621 καθέσθαι
962 3565 1030 3628 ὡς
1054 3564 1102 3620 ἐν
1128 3569 1334 3638 μήτρᾳ]
1367 3568 1613 3639 Expung.
1640 3568 1736 3621 καὶ.

396 3647 536 3705 Εἶναι
560 3649 656 3725 γὰρ
681 3653 844 3706 αὐτῶν
869 3653 1116 3721 ἕκαστον]
1166 3652 1352 3708 Utrum
1382 3655 1620 3708 Aeonum
1654 3655 1937 3725 quemlibet
1965 3653 2445 3726 hermaphroditum
2479 3674 2596 3712 esse

263 3738 485 3793 voluerit
497 3738 806 3792 Valentinus
819 3777 833 3803 ,
858 3755 926 3792 an
949 3739 1097 3808 paria
1120 3739 1233 3809 ipsa
1248 3741 1422 3808 potius
1445 3739 1707 3808 intelligat
1730 3756 1796 3792 ex
1819 3741 1952 3792 mari
1969 3741 2267 3811 feminaque
2286 3745 2596 3808 constantia,

264 3824 489 3884 dubitari
507 3823 649 3877 haud
668 3824 927 3877 immerito
950 3840 1077 3877 sane
1099 3831 1286 3894 potest.
1338 3824 1439 3877 Par
1472 3824 1681 3895 quidem
1710 3824 1882 3894 ipsum
1917 3824 2217 3895 ἀῤῥενόθηλυ
2241 3826 2474 3880 hocloco
2504 3844 2596 3881 no-

164 3948 169 3952 -
260 3910 450 3963 minari
472 3910 660 3964 docent
681 3926 746 3964 ea
769 3924 902 3980 quae
924 3910 1285 3964 subiiciuutur.
1341 3909 1473 3962 Cum
1503 3909 1647 3962 enim
1679 3909 1897 3962 dixisset
1930 3904 2047 3963 εἶναι
2081 3908 2177 3982 γὰρ
2201 3911 2366 3964 αὖτῶν
2390 3911 2594 3964 ἕκαστον

263 3992 590 4068 ἆῤῥενόθηλυν
615 3995 798 4065 οὕτως,
831 3995 1093 4066 quomodo
1124 3995 1177 4048 id
1208 3995 1303 4047 fiat
1333 3993 1559 4047 ostendit
1590 3995 1644 4047 in
1670 3996 2031 4065 sequentibus;
2064 3997 2204 4066 quod
2229 4005 2280 4049 et
2299 3998 2451 4050 Pater
2474 4009 2594 4051 cum

260 4081 505 4149 Ennoea,
527 4088 581 4136 et
599 4098 743 4136 mare
767 4081 982 4135 caeteris
1006 4096 1127 4132 cum
1150 4082 1260 4133 suis
1285 4080 1613 4149 comparibus
1632 4081 1892 4134 coniuncti
1915 4084 2037 4135 sint.
2070 4081 2250 4151 Itaque
2269 4079 2594 4151 ἆῤῥενόθηλυν

261 4169 447 4223 mireo
480 4171 719 4223 nominat
748 4168 875 4239 quia
905 4166 1157 4236 coniuges
1189 4171 1329 4219 sunt.
1380 4167 1542 4236 Atqui
1563 4166 1917 4220 Valentiniani
1950 4167 2052 4237 ipsi
2084 4164 2409 4237 ἀῤῥενόθηλυν
2439 4168 2593 4221 Βυθὸν

259 4255 501 4308 Aeonum
523 4254 807 4324 principem
830 4258 883 4306 et
906 4253 1164 4323 originem
1198 4253 1252 4306 iu
1280 4252 1413 4305 libro
1437 4268 1534 4304 suo
1557 4259 1748 4308 vocant
1768 4253 1830 4306 N.
1843 4253 1905 4307 V.
1957 4253 2024 4305 Et
2053 4269 2173 4308 cum
2196 4252 2469 4307 Tetradem
2502 4272 2595 4325 po-

260 4341 530 4394 steriorem
544 4378 559 4404 ,
588 4338 849 4392 Decadem
872 4355 935 4392 ac
956 4338 1284 4392 Dodecadem
1317 4343 1618 4403 numerant,
1653 4335 1977 4409 ἆῤῥενόθηλυν
2009 4343 2283 4408 utramque
2313 4340 2594 4409 appellant,

262 4441 370 4478 uon
390 4424 531 4495 quod
554 4424 752 4493 singuli
767 4425 972 4478 Aeones
988 4423 1395 4495 hermaphroditi
1417 4429 1611 4490 essent,
1633 4425 1726 4478 sed
1745 4424 1884 4495 quod
1901 4425 2047 4494 paria
2061 4420 2111 4475 ἐν
2130 4427 2188 4494 τῇ·
2208 4421 2356 4495 ὃμὰδι
2373 4427 2596 4480 marium

261 4509 679 4578 feminarumque
702 4509 1103 4565 continerentur.
1159 4510 1411 4573 Quocirca
1435 4509 1561 4563 nihil
1595 4510 1660 4563 ad
1683 4509 1821 4563 hunc
1841 4509 2041 4563 Irenaei
2069 4510 2267 4577 locum,
2303 4518 2362 4564 ut
2396 4513 2594 4583 opinor,

265 4584 490 4668 pertinet
523 4593 665 4666 quod
695 4593 955 4648 e'l'ertun.
978 4593 1208 4660 affertur,
1238 4594 1370 4648 libro
1405 4611 1449 4647 c.
1467 4595 1673 4652 Valent.
1697 4612 1812 4665 cap.
1837 4612 2023 4648 xxxiv:
2071 4597 2188 4648 Atii
2217 4606 2398 4650 contra
2430 4602 2595 4668 magis

269 4692 316 4737 et
332 4683 613 4738 mlum
635 4682 947 4752 etseminam
969 4681 1168 4748 dicunt,
1192 4697 1254 4734 ne
1276 4682 1420 4752 apud
1438 4682 1570 4735 colos
1586 4679 1846 4736 Lunenses
1861 4679 2328 4754 hermaphroditum
2350 4687 2599 4738 exiet-'met
