3185 5219
620 397 740 458 104
1270 404 1632 455 SYMBOLAE
1666 403 1739 456 m
1774 403 2082 456 ΕΡΙΡΗΑΝ.
2119 404 2271 457 PAN.

617 527 702 578 Sic
733 526 901 577 statim
937 535 1077 593 post:
1130 522 1215 578 τὸν
1252 523 1342 592 μὲν
1376 525 1498 579 ἴδιον
1535 524 1685 592 (νοῦν)
1726 521 1861 593 εἶχε,
1897 525 1985 579 τοῦ
2020 542 2077 578 τε
2114 523 2231 592 (leg.
2264 522 2343 590 δέ)
2382 524 2605 591 Χριστοῦ
2646 522 2787 592 (nim.
2824 525 2936 588 νοῦ)

619 611 917 678 ἐνεφορεῖτο.
986 622 1037 661 et
1073 629 1120 678 p.
1148 616 1246 662 394
1278 611 1463 677 (1029)
1500 609 1822 678 ἐνεφοροῦντο
1853 610 1946 663 τοῦ
1982 609 2206 677 Χριστοῦ
2240 611 2342 662 νοῦ.
2412 609 2601 660 Pariter
2632 620 2749 676 post
2785 610 2938 677 paulo

616 706 888 764 peccatur:
943 696 1167 762 Χριστοῦ
1219 695 1500 764 ἐνεφορεῖτο
1547 696 1690 755 νοῦν,
1742 695 1826 746 ubi
1877 714 2040 746 rursus
2086 697 2173 749 νοῦ
2218 693 2549 745 scribendum.
2612 695 2941 746 Translatum

618 780 969 848 ἐμφορεῖσθαι,
1006 786 1175 845 ηρὶετί
1206 787 1370 846 aliqua
1405 797 1472 844 re,
1511 780 1803 848 genitivum,
1840 798 1940 831 non
1973 781 2302 832 accusativum
2339 780 2587 831 adsciscit.
2654 779 2771 831 Vid.
2812 782 2941 831 Ani-

618 866 863 917 madvers.
899 866 951 916 in
990 870 1042 918 S.
1069 870 1218 918 Basil.
1259 870 1293 916 1.
1333 886 1382 935 p.
1415 872 1497 917 81.
1530 885 1605 934 sq.

752 952 805 1004 P.
839 954 938 1001 396
969 952 1174 1020 (1029).
1244 950 1359 1008 διαὶ
1405 954 1532 1005 τῶν
1584 952 1967 1005 τοκετικῶν
2014 949 2262 1021 πόρων]
2317 951 2428 1002 Vid.
2461 961 2632 1002 annot.
2670 951 2720 1000 in
2758 952 2821 1002 Τ.
2852 953 2941 1000 111.

619 1056 670 1106 p.
703 1041 801 1088 382
835 1042 1022 1102 (1022)
1076 1048 1127 1088 et
1165 1038 1302 1088 conf.
1338 1040 1399 1090 T.
1434 1041 1514 1088 ΙΙΙ.
1552 1056 1604 1106 p.
1641 1041 1740 1087 516
1772 1039 1957 1104 (1097)
1992 1061 2059 1083 ==
2094 1037 2344 1104 Anaceph.
2374 1055 2425 1104 p.
2459 1040 2557 1086 584
2588 1039 2757 1102 (153).
2813 1055 2940 1089 κυο-

618 1121 866 1191 φορηῢεὶς
899 1120 986 1178 διαὶ
1019 1125 1324 1191 γεννητικῶν
1360 1123 1528 1191 πόρων
1563 1117 1984 1192 οἷνετωιισχύντως.

755 1210 811 1262 P.
850 1212 953 1258 400
995 1209 1201 1276 (1031).
1270 1209 1385 1263 τοῦ
1438 1208 1682 1276 μικροῦ
1732 1209 1844 1262 καὶ
1895 1207 2212 1277 βραχέως
2260 1204 2493 1275 λόγου]
2547 1207 2809 1277 Βραχέους
2860 1208 2944 1259 ed.

619 1292 798 1355 Basil„
837 1293 1069 1364 βραχέως
1101 1296 1183 1345 ed.
1225 1297 1427 1355 Petam,
1465 1305 1726 1361 utrumque
1760 1294 1987 1362 pessime.
2060 1293 2294 1344 Rescribe
2331 1291 2559 1362 βραχέος.

756 1381 811 1430 Ρ.
845 1382 944 1429 402
967 1380 1170 1449 (1033).
1241 1380 1357 1434 ἐπὶ
1391 1377 1467 1434 τὰ
1504 1378 1625 1446 ἔξῆ
1646 1397 1672 1439 ς
1704 1379 1943 1446 ἴωμεν]
1981 1376 2094 1439 Τὰς
2128 1378 2249 1446 ἑξῆς
2280 1377 2596 1429 scribendum
2624 1395 2734 1428 esse
2767 1377 2941 1445 suspi-

623 1464 776 1528 ceris,
830 1464 945 1515 coll.
976 1476 1149 1516 annot.
1185 1467 1234 1517 in
1271 1468 1331 1519 T.
1357 1469 1376 1516 1
1387 1470 1445 1517 ΙΙ.
1480 1482 1529 1532 p.
1548 1469 1614 1515 68
1648 1469 1818 1527 (844).
1887 1465 2063 1532 Neque
2094 1474 2258 1515 tamen
2293 1462 2359 1518 τὰ
2388 1463 2514 1532 ἑξῆς
2542 1475 2678 1515 stare
2710 1482 2811 1515 uon
2842 1482 2946 1533 pu-

620 1558 737 1600 test.
808 1550 922 1602 vid„
960 1562 1131 1601 annot.
1169 1551 1220 1601 in
1252 1554 1314 1603 T.
1343 1554 1405 1602 H.
1442 1570 1489 1619 p.
1518 1555 1617 1601 246
1654 1552 1821 1618 (533).

755 1637 808 1687 P.
838 1639 938 1686 404
961 1638 1164 1706 (1034).
1217 1634 1726 1703 ποῦηνοτοὶτοις
1761 1634 2063 1703 τέκνοις]
2102 1634 2356 1701 Scriptura
2388 1634 2750 1702 ποὲηνοτάτοις
2778 1634 2943 1687 libra-

620 1720 697 1772 rio
734 1721 1146 1774 Graecobarbaro
1182 1722 1405 1775 debetur.
1477 1722 1683 1789 Repone
1715 1717 2096 1781 ποδεινοτᾶτοιςι

756 1807 809 1857 Ρ.
845 1811 946 1857 406
984 1808 1190 1876 (1036).
1260 1805 1369 1863 διὰ
1420 1806 1493 1861 τὸ
1544 1804 1805 1866 νωδοῦς
1854 1800 2381 1875 ἀποτελεῖσθαι]
2433 1803 2654 1866 Nomou-t
2703 1810 2950 1858 edentulos

621 1892 753 1942 mule
787 1891 1145 1961 interpretatur
1174 1898 1425 1957 Petavius‚·
1461 1892 1751 1943 vertendum
1787 1901 1921 1943 erat:
1959 1897 2188 1944 attonitos.
2256 1894 2395 1943 Voce
2429 1890 2611 1957 νωδὸς,
2646 1892 2748 1942 hoc
2780 1891 2945 1958 signi-

620 1977 770 2030 ficata
800 1978 982 2045 positu,
1022 1979 1343 2030 Grammatici
1376 1995 1550 2029 vocem
1587 1976 1746 2038 ἐνεός,
1782 1977 1846 2027 de
1881 1996 1975 2045 qna
2003 1977 2100 2028 vid.
2138 1987 2309 2028 annot.
2340 1977 2389 2028 iu
2423 1979 2488 2028 T.
2525 1979 2559 2030 Ι.
2595 1994 2647 2045 p.
2668 1981 2765 2028 192
2803 1981 2948 2042 (96),

617 2062 830 2114 reddero
862 2064 1046 2117 soient.
1114 2064 1229 2115 Vid.
1265 2067 1504 2116 Ruhnken.
1539 2062 1604 2113 ad
1642 2068 1758 2114 Tim.
1794 2066 1916 2114 Lex.
1950 2065 2074 2113 Voc.
2114 2063 2240 2113 Plat.
2281 2081 2332 2130 p.
2360 2067 2475 2112 102.

758 2151 811 2200 Ρ.
843 2154 944 2199 408
976 2150 1179 2217 (1036).
1243 2151 1282 2201 A
1305 2144 1336 2202 ύ
1348 2167 1377 2202 τ
1396 2148 1511 2202 ίκα
1543 2152 1633 2215 -]
1675 2144 1871 2201 Adrum
1905 2149 1954 2198 in
1983 2147 2130 2198 initio
2161 2146 2513 2198 enuntiationis
2545 2147 2781 2214 positum,
2819 2167 2949 2216 pro-

622 2234 798 2285 bandis
835 2235 1097 2285 sententiis
1127 2234 1352 2297 inservit,
1392 2245 1444 2283 ut
1478 2237 1589 2284 Lat.
1618 2238 1793 2284 statim.
1848 2233 1959 2284 Vid.
1982 2236 2220 2285 Ruhnken.
2250 2233 2315 2283 ad
2338 2238 2454 2285 Tim.
2488 2234 2546 2283 L.
2576 2234 2635 2284 V.
2673 2233 2746 2284 Pl.
2786 2253 2840 2302 p.
2860 2238 2944 2284 56.

622 2320 856 2371 Petavius
891 2320 1167 2371 insolenter
1199 2320 1586 2387 interpretatur:
1624 2335 1724 2369 ecoe
1758 2323 1858 2370 tibi.

757 2405 809 2455 P.
840 2409 941 2454 408
972 2407 1176 2473 (1036).
1244 2402 1437 2458 Μετὰ
1488 2401 1781 2464 τούτους
1831 2403 1906 2458 δὲ
1956 2400 2282 2465 ὦςαύτως
2325 2404 2383 2457 οἱ
2424 2403 2567 2458 νέοι
2609 2400 2950 2464 Ἰουδαῖοι

619 2484 1165 2557 α’λλεπαλλτῖλως
1215 2490 1296 2559 τῇ
1353 2486 1528 2561 αύτῇ
1588 2489 2021 2558 κεχρημένοι
2078 2485 2318 2558 ἀγωγῇ
2371 2489 2599 2556 οἱμὲν
2652 2493 2949 2560 φυσικοὶ

620 2569 958 2630 Ἰουδαῖοι
1008 2574 1188 2630 κατὰ
1244 2574 1468 2642 σάρκα
1519 2573 1636 2644 μὲν
1688 2570 2116 2643 ἠρνήσαντο,
2171 2577 2228 2629 οἱ
2262 2573 2337 2631 δὲ
2369 2576 2482 2630 νῦν
2530 2573 2952 2646 ἀρνούμενοι

557 2668 568 2677 “
619 2657 744 2727 τὴν
791 2662 905 2714 τοῦ
951 2663 1101 2715 υἱοῦ
1138 2696 1188 2711 ..
1223 2660 1682 2730 γνησιότητα,
1730 2662 1990 2729 κτίσμα
2026 2659 2228 2715 αύτόν
2265 2698 2312 2712 ..
2348 2663 2951 2732 διισχυρίζονται.)

626 2747 747 2796 Post
777 2741 962 2815 οἷγωγῇ
997 2746 1128 2798 adde
1160 2738 1217 2817 ἦ.
1272 2748 1450 2798 Verbis
1485 2747 1531 2800 οἱ
1565 2746 1625 2801 δὲ
1658 2748 1743 2800 νῦν
1765 2758 1859 2797 cet.
1895 2748 2063 2816 priora
2099 2749 2145 2800 oi.
2178 2747 2276 2800 νέοι
2308 2743 2547 2802 Ἰουδαῖοι
2572 2760 2666 2799 cet.
2704 2766 2796 2817 per
2820 2768 2946 2801 ana-

628 2831 898 2882 coluthiam
932 2831 1002 2883 ita
1037 2842 1358 2899 repetuntur,
1396 2843 1450 2882 ut
1486 2832 1770 2882 reserantur
1802 2832 1866 2883 ad
1900 2832 2226 2900 interposita:
2275 2823 2397 2902 ἦοὶ
2431 2831 2520 2899 μὲν
2554 2833 2763 2901 φυσικοὶ
2810 2831 2948 2889 Ἰου-

626 2920 760 2971 δαῖοι
793 2951 807 2964 .
832 2954 845 2968 .
878 2911 1164 2986 ἠρνήσαντο
1253 2918 1667 2969 coniunctionem
1723 2916 1813 2984 μὲν
1847 2919 1996 2969 etiam
2042 2919 2263 2986 optimae
2296 2929 2447 2970 notae
2477 2919 2748 2987 scriptores
2781 2920 2948 2972 inter-

626 3001 744 3053 dum
773 3011 1011 3071 repetunt
1043 3004 1092 3053 in
1132 3005 1309 3055 eodem
1346 3004 1622 3055 enuntiato.
1694 3004 1842 3056 Conf.
1872 3022 1917 3054 v.
1950 3023 1991 3054 c.
2032 3010 2127 3056 Ast.
2166 3004 2285 3053 Lex.
2324 3003 2449 3054 Plat.
2484 3007 2546 3056 T.
2576 3007 2634 3055 Π.
2674 3024 2725 3073 p.
2744 3010 2865 3056 303.

764 3090 817 3138 Ρ.
851 3093 951 3138 408
982 3088 1186 3158 (1037).
1257 3086 1486 3148 καὲὠς
1523 3088 1761 3158 εἰπεῖν]
1798 3090 1858 3139 ld
1891 3099 1995 3139 eet:
2033 3097 2084 3141 ut
2121 3093 2191 3140 ita
2224 3092 2401 3153 dicam,
2436 3090 2573 3158 quod
2611 3092 2806 3142 Graece
2837 3109 2947 3142 me—

624 3172 719 3223 lius
746 3172 930 3225 dicitur
962 3170 1035 3235 οἷς
1068 3174 1237 3228 εἰπεῖν.
1311 3175 1395 3225 sic
1425 3176 1614 3225 Noster
1647 3193 1695 3243 p.
1713 3180 1813 3226 422
1846 3175 2046 3243 (1044).
2100 3178 2201 3225 454
2236 3175 2440 3242 (1062).
2490 3180 2589 3226 462
2624 3179 2809 3241 (1067,
2829 3177 2945 3244 bis).

625 3262 724 3309 476
761 3260 938 3325 (1074,
976 3260 1074 3327 bis)
1112 3270 1165 3309 et
1198 3260 1334 3313 alibi.

761 3344 819 3394 P.
846 3348 963 3394 408.
996 3362 1071 3412 sq.
1103 3347 1309 3414 (1037).
1378 3345 1462 3399 Τί
1494 3342 1622 3414 γὰρ
1657 3341 1793 3400 ἀλλ’
1826 3341 1865 3413 ἧ
1900 3376 1967 3385 -
2003 3376 2069 3386 -
2102 3340 2276 3415 ἤπερ
2311 3343 2789 3413 κελεύεσθαις]
2830 3346 2947 3397 Noli

629 3428 896 3497 quidquam
927 3440 1135 3481 mutare.
1202 3427 1338 3483 Ἀλλ’
1371 3424 1409 3497 ἦ
1445 3440 1522 3482 est
1554 3439 1916 3496 praeterquam,
1966 3436 2060 3483 nisi
2096 3432 2218 3499 (vid.
2248 3442 2421 3484 annot.
2460 3432 2511 3482 in
2546 3435 2608 3485 T.
2642 3435 2704 3483 H.
2743 3452 2794 3501 p.
2830 3436 2943 3493 616,

631 3515 798 3583 743),
856 3526 910 3565 et
950 3516 1102 3567 verba
1136 3516 1187 3570 τί
1220 3514 1317 3584 γὰρ
1352 3510 1463 3571 ἀλλ’
1499 3510 1538 3581 ἦ
1579 3545 1637 3555 -
1678 3514 1937 3586 βούλονται
1978 3546 2031 3554 -
2071 3515 2291 3571 κελεύειν
2327 3519 2510 3584 μᾶλλον
2545 3519 2653 3587 θεῷ
2688 3512 2824 3585 ἤπερ
2858 3536 2947 3572 κε-

628 3596 893 3660 λεύεσθαις
928 3600 1028 3652 hoc
1057 3601 1151 3652 sibi
1187 3602 1385 3653 volunt:
1425 3606 1553 3665 Quid
1583 3607 1708 3654 enim
1739 3605 1875 3653 aliud
1907 3606 2106 3667 faciunt,
2139 3607 2230 3654 nisi
2260 3633 2321 3642 —
2341 3607 2429 3655 deo
2460 3609 2774 3668 praescribere
2803 3621 2946 3669 quam

627 3692 729 3738 eius
756 3690 1016 3751 praeceptis
1050 3692 1361 3751 obtemperare
1395 3691 1617 3740 malunt?
1665 3687 1793 3739 sicut
1821 3688 2047 3739 petavius
2082 3699 2221 3740 recte
2252 3689 2416 3739 vertit.
2489 3691 2832 3757 Quamquam,
2867 3689 2944 3740 el-

626 3773 740 3841 lipsi
769 3783 996 3836 servata,
1036 3784 1231 3824 vertere
1271 3783 1497 3841 poterat:
1552 3777 1681 3837 Quid
1714 3778 1837 3826 enim
1870 3777 2007 3826 aliud
2040 3778 2132 3826 nisi
2170 3804 2233 3813 -
2267 3778 2491 3827 malunt?
2563 3775 2676 3826 Vid.
2708 3780 2806 3828 Ast.
2842 3780 2945 3825 An·-

627 3869 737 3910 not.
775 3859 825 3910 in
861 3863 982 3911 Plat.
1020 3860 1204 3911 Phaed.
1244 3880 1292 3928 p.
1320 3864 1435 3911 527.
2252 3868 2257 3877 “

762 3946 816 3995 Ρ.
850 3950 948 3995 422
986 3946 1187 4014 (1044).
1259 3944 1350 4000 Τὸ
1407 3947 1574 4009 ζῶον
1628 3944 1748 4011 μέν
1800 3942 1954 3998 ἐστι
2000 3944 2450 4014 τραγότατον]
2488 3945 2845 4016 Τραχύτατον,
2892 3946 2943 3995 id

629 4040 707 4080 est
754 4035 1013 4094 asperrimo
1062 4036 1254 4097 animo,
1304 4031 1569 4100 legendum
1618 4031 1853 4082 coniicio.
1923 4031 2087 4081 Minus
2134 4032 2301 4100 placet
2342 4027 2656 4099 γοργότατον.
2728 4036 2946 4083 Peuma:

626 4115 780 4167 vertit
815 4120 1201 4181 voracissimum,
1237 4118 1376 4185 quasi
1411 4117 1652 4183 scriptum
1689 4127 1821 4167 esset
1857 4114 2156 4186 βορώτατον.

762 4202 815 4252 Ρ.
846 4207 946 4253 426
975 4203 1180 4270 (1046).
1251 4200 1350 4255 Τὰ
1401 4198 1472 4257 δὲ
1519 4200 1779 4270 γόνατα
1824 4197 2033 4255 αύτοῦ
2082 4200 2555 4269 ἐσκληκίασαν
2591 4201 2795 4268 δίκην
2829 4219 2943 4254 κα-

629 4286 877 4358 μήλων]
914 4289 1113 4356 Respuo
1144 4288 1282 4340 nihili
1317 4288 1518 4339 verbum
1555 4286 1899 4355 έσκληκίασαν
1935 4298 1983 4337 et
2020 4305 2212 4355 repono
2244 4286 2598 4355 έσκληρίασαν.
2670 4288 2802 4339 Nota
2831 4296 2943 4337 sunt

626 4374 870 4426 vocabula
903 4372 1165 4442 σκληριᾶω
1201 4386 1255 4425 et
1285 4373 1600 4440 σκληρίασις,
1637 4390 1844 4447 quorum
1877 4373 2011 4441 prius
2046 4390 2110 4425 eo
2144 4384 2219 4423 est
2251 4391 2311 4423 ex
2344 4373 2605 4425 verborum
2635 4390 2846 4441 genere,
2881 4371 2943 4421 de

629 4476 728 4528 qno
763 4459 865 4510 vid.
898 4462 1093 4511 Lobeck.
1131 4460 1195 4510 ad
1231 4464 1404 4523 Phryn.
1443 4477 1491 4527 p.
1516 4463 1596 4509 79.
1618 4477 1694 4527 sq.
1727 4476 1873 4528 quem
1907 4457 1959 4509 id
1998 4459 2201 4510 verbnm
2237 4459 2515 4527 neglexisse
2550 4457 2713 4509 miror.

763 4546 815 4596 P.
847 4550 949 4596 428
983 4546 1187 4613 (1048).
1255 4542 1770 4610 τεκνοκυΐσκει]
1824 4547 1881 4596 In
1920 4544 2099 4596 Lexica
2150 4545 2287 4597 refer
2324 4545 2524 4598 verbum
2557 4540 2937 4606 τεκνοκυΐσκαν,

629 4645 724 4700 pro
756 4637 1058 4700 τεκνογονεῖν
1093 4630 1173 4681 vel
1206 4635 1505 4685 τεκνοποιεῖν
1537 4640 1843 4698 usurpatum.
