3185 5219
2323 403 2577 462 ccxcm

555 694 645 747 AD
680 693 1029 748 HAERESIM
1061 694 1366 760 LXXVIII„
1399 694 2267 750 ANTIDICOMARIANITARUM.

379 815 456 868 De
479 791 1108 868 Antidicomariauitarum
1131 815 1405 884 dogmate,
1430 816 1566 886 quod
1590 815 1891 870 Iovinianus
1913 817 2302 887 propugnabat,
2336 824 2574 872 accurate

249 900 476 970 disputat
497 899 858 970 Hieronymus.
901 900 1028 956 Vide
1063 906 1117 954 et
1153 901 1482 955 Ambrosium
1518 918 1636 956 cum
1672 902 1788 955 aliis
1822 902 1877 954 in
1911 903 2065 967 locis,
2100 908 2213 955 tum
2248 901 2410 973 Epist.
2435 921 2484 957 v.
2522 909 2577 956 et

247 1005 337 1041 m.
373 986 464 1039 lib.
490 1003 524 1039 1.

378 1070 444 1126 N.
470 1089 561 1124 vn.
608 1064 768 1132 Οὗτος
792 1070 878 1142 μὲν
905 1070 997 1142 γὰρ
1024 1069 1050 1123 ὁ
1075 1070 1299 1143 Ἰωσήφ]
1347 1073 1422 1126 De
1445 1071 1540 1126 hac
1565 1071 1839 1144 Epiphanii
1864 1073 2147 1136 sententia,
2173 1080 2224 1126 et
2248 1073 2460 1144 quinam
2485 1073 2572 1128 do-

248 1158 376 1210 mini
397 1157 584 1210 fiatres
607 1157 683 1210 illi
704 1156 925 1222 suerint,
960 1159 1226 1229 copiosam
1263 1158 1422 1212 habes
1459 1159 1861 1230 disputationem
1890 1161 1945 1214 in
1970 1160 2235 1230 Apparatu
2257 1159 2322 1213 ad
2345 1160 2572 1214 Annales

245 1242 635 1297 Ecclesiasticus
659 1258 800 1296 num.
820 1260 907 1297 tx.
934 1259 995 1296 ac
1021 1244 1279 1314 deinceps,

379 1326 586 1397 Ὠβλίαν
611 1326 989 1398 ἑρμηνευόμενον
1014 1329 1215 1400 τεῖχος]
1285 1331 1470 1384 Melius
1497 1348 1655 1401 quam
1678 1331 2006 1401 Hegesippus
2030 1329 2168 1401 apud
2193 1330 2380 1384 Euseb.
2403 1332 2492 1386 lib.
2515 1349 2571 1386 ιι.

248 1430 357 1484 cap.
376 1431 529 1468 xxm.
554 1413 690 1467 unde
712 1411 839 1467 haec
864 1413 1137 1485 desumpta
1160 1423 1306 1480 sunt,
1342 1418 1430 1484 qui
1455 1415 1642 1484 ὠβλίαν
1667 1417 2032 1487 interpretatur
2057 1414 2289 1486 περιοχὴν
2322 1420 2410 1469 τοῦ
2444 1415 2570 1471 λαοῦ

247 1499 324 1550 καὶ
349 1499 673 1564 δικαιοσύνην.
719 1498 823 1553 Sed
847 1507 927 1552 est
949 1499 1196 1553 Hebraico
1227 1471 1454 1571 rvbny
1483 1521 1607 1564 arx,
1632 1503 1742 1554 sive
1767 1506 1971 1554 munitio
1997 1503 2095 1555 dei.

378 1584 438 1639 N.
463 1602 539 1639 rx.
589 1584 692 1636 Τοῦ
717 1583 770 1636 δὲ
794 1583 1021 1654 Ἡρώδου
1054 1579 1112 1650 ἤν
1149 1582 1258 1636 κατ’
1283 1583 1436 1637 ἐκεῖνο
1473 1589 1687 1656 καιροῦ]
1756 1586 1969 1640 Falsum
2006 1593 2086 1641 est
2117 1585 2373 1640 Herodem
2406 1587 2571 1652 illum,

245 1687 348 1740 quo
369 1676 624 1739 regnante
645 1685 834 1740 passus
858 1677 937 1722 est
959 1670 1200 1723 dominus
1215 1710 1229 1735 ,
1252 1669 1490 1725 Archelai
1511 1672 1674 1725 fuisse
1696 1672 1862 1726 filium
1876 1713 1890 1738 ,
1913 1671 2183 1742 multoque
2206 1673 2374 1742 magis
2389 1712 2402 1736 ,
2432 1673 2572 1743 quod

245 1763 297 1808 et
315 1757 474 1825 paulo
497 1760 686 1825 postet
706 1756 853 1808 initio
878 1756 1049 1825 operis
1072 1753 1227 1809 huius
1242 1797 1255 1819 ,
1289 1757 1344 1809 in
1379 1756 1520 1809 calce
1544 1758 1696 1810 Tomi
1728 1759 1939 1828 prioris,
1974 1758 2282 1822 affirmavit,
2314 1758 2572 1813 Herodem

243 1841 530 1911 Agrippam
551 1839 731 1895 fuisse.
799 1839 920 1893 Fuit
943 1842 1082 1894 euim
1104 1842 1332 1895 Herodes
1356 1842 1574 1911 Antipas
1600 1842 1816 1897 Herodis
1841 1844 2022 1914 magui
2043 1843 2210 1909 filius,
2245 1851 2304 1897 ut
2335 1843 2400 1898 ad
2423 1845 2572 1900 illum

243 1926 415 1979 locum
440 1926 775 1979 observatum
800 1933 895 1980 est.

374 2009 437 2064 N.
463 2028 535 2064 n.
583 2007 742 2063 Ἀλλὰ
765 2009 832 2081 μὴ
857 2016 1004 2063 τοῦτο
1028 2016 1220 2082 στραφῇ
1244 2010 1306 2073 εἰς
1331 2012 1561 2081 βλάβην.]
1608 2013 1972 2082 Συνειςάκτους,
2005 2013 2103 2067 hoc
2126 2021 2208 2068 est
2229 2015 2571 2070 contuberna-

242 2097 318 2150 les
341 2097 648 2150 elericorum
670 2096 921 2163 feminas,
946 2113 1077 2167 quas
1102 2107 1377 2151 extraneas
1398 2098 1570 2152 Latini
1592 2108 1810 2162 vocant,
1834 2099 2144 2154 damnarunt
2167 2107 2364 2154 veteres
2390 2101 2482 2154 ΡΡ.
2509 2117 2571 2156 ac

245 2183 452 2253 saepius
475 2189 675 2236 veteres
699 2182 911 2252 synodi,
945 2189 1006 2236 ut
1035 2182 1262 2237 Nicaena
1286 2183 1412 2239 Can.
1431 2202 1528 2249 ιη,
1561 2184 1986 2254 Carthaginensis
2010 2204 2088 2240 111.
2118 2184 2243 2239 Can.
2265 2204 2411 2252 xvim,
2448 2188 2571 2241 Are-

242 2268 456 2322 latensis
478 2287 535 2322 11.
562 2266 687 2321 Gan.
706 2285 803 2334 nn,
826 2268 1079 2321 Toletaua
1099 2287 1170 2322 rv.
1196 2268 1323 2324 Can.
1347 2287 1495 2335 xm„
1520 2269 1745 2323 Basilius
1770 2270 1930 2342 Epist.
1957 2271 2021 2324 ad
2048 2270 2222 2342 Greg.,
2259 2288 2392 2342 quae
2416 2288 2570 2326 cano·

244 2356 359 2407 nica
391 2370 426 2405 a
459 2353 773 2407 Balsamoue
808 2361 1060 2419 censetur,
1095 2370 1217 2425 pag.
1248 2354 1411 2420 1022„
1445 2356 1767 2409 Antiocheno
1794 2357 2023 2426 synodus
2051 2357 2106 2410 in
2142 2359 2361 2428 epistola
2393 2366 2571 2412 contra

242 2439 461 2494 Paulum
482 2438 739 2494 Samosat.
765 2438 902 2509 apud
926 2438 1113 2492 Euseb.
1137 2441 1227 2494 lib.
1247 2459 1339 2495 vn.
1365 2457 1478 2511 cap.
1498 2459 1640 2495 xxrv.
1665 2440 1749 2502 τὰς
1786 2440 1838 2494 δὲ
1863 2438 2199 2504 Συνειςᾶκτους
2225 2442 2376 2495 αὐτοῦ
2401 2447 2569 2514 γυναῖ-

245 2543 353 2594 ιιας,
386 2522 456 2585 ὡς
479 2522 743 2595 Ἀντιοχεῖς
774 2521 1071 2595 ὀνομάζουσι
1105 2533 1199 2580 etc.
1269 2526 1490 2579 Easdem
1527 2535 1578 2579 et
1613 2528 1903 2597 insequitur
1936 2528 2121 2581 Noster
2154 2530 2209 2581 in
2243 2529 2392 2581 Haer.
2419 2547 2567 2588 nnn.

243 2628 382 2666 uum.
405 2630 466 2667 η.
497 2609 580 2671 τὰς
605 2607 858 2680 ἆγαπητὰς
883 2609 1149 2682 λεγομένας
1183 2608 1512 2674 συνειςάκτους
1537 2616 1785 2683 γυναῖκας.
1855 2614 2200 2684 Hieronymus
2237 2617 2431 2685 passim
2466 2622 2568 2671 tra·

245 2696 408 2762 ducit,
439 2699 670 2751 maxime
705 2697 771 2750 ad
793 2696 1132 2751 Eustochium
1155 2698 1316 2768 Epist.
1337 2715 1494 2752 xxm:
1552 2698 1694 2751 Unde
1716 2703 1769 2750 in
1794 2702 2037 2752 ecclesia-*t
2061 2705 2389 2769 aqapitarum
2407 2704 2567 2768 pestis

243 2785 471 2835 inerm‘itr
523 2782 664 2836 Unde
684 2787 792 2835 sine
816 2787 1006 2852 nuptiis
1029 2785 1176 2836 aliud
1199 2801 1371 2835 nomen
1393 2787 1635 2835 uxorum?
1666 2788 1763 2836 imo
1798 2787 1928 2836 unde
1961 2804 2135 2836 noe-um
2173 2786 2564 2837 concubinarum

242 2871 430 2936 qenes!
476 2866 719 2921 Cavenda
741 2884 863 2921 vero
887 2868 1111 2921 Mariani
1128 2869 1341 2921 Victorii
1363 2867 1427 2920 ad
1453 2867 1588 2921 hunc
1613 2868 1914 2938 Hieronymi
1938 2870 2109 2923 locum
2135 2869 2449 2931 observatio,
2476 2868 2565 2938 qui

246 2959 493 3024 agapetas
516 2969 549 3006 a
572 2952 877 3007 Christianis
901 2953 1178 3019 conviviis,
1212 2969 1341 3023 quas
1367 2949 1557 3024 ἀγάπαις
1579 2956 1879 3019 nominant,
1912 2954 2167 3007 derivatas
2192 2960 2391 3017 censet,
2427 2953 2565 3025 quod

247 3047 322 3093 eat-
341 3038 634 3093 ridiculum.

312 3170 328 3184 .
374 3123 513 3178 Φασὶ
535 3123 621 3191 τὴν
644 3123 881 3194 λέαιναν.)
927 3124 1180 3177 Fabulam
1203 3122 1337 3177 hanc
1361 3125 1591 3195 plerique
1616 3125 1874 3178 refellunt.
1922 3125 2219 3178 Aristoteles
2243 3141 2362 3180 ecce
2388 3126 2476 3179 lib.
2495 3144 2564 3183 vr.
2619 3150 2647 3190 p
2678 3137 2766 3181 saa.

241 3210 431 3265 Hister.
456 3226 568 3281 cap.
586 3228 756 3265 xxxr.:
800 3208 863 3261 Ὅ
888 3210 942 3263 δὲ
964 3208 1151 3280 λεχθεὶς
1176 3209 1325 3280 μῦθος
1350 3209 1458 3281 περὶ
1481 3214 1568 3263 τοῦ
1591 3207 1842 3280 ἐκβάλλειν
1867 3209 1949 3270 τὰς
1973 3209 2175 3279 ὑστέρας
2199 3210 2449 3280 τίκτοντα,
2472 3210 2564 3280 λη-

243 3295 402 3365 ρώδης
425 3293 542 3347 ἐστι’·
568 3294 791 3362 συνετέθη
818 3295 870 3348 δὲ
893 3293 946 3347 ἐκ
970 3300 1058 3348 τοῦ
1082 3295 1312 3356 σπανίους
1336 3290 1453 3348 εἶναι
1475 3296 1587 3356 τοὺς
1611 3295 1833 3363 λέοντας,
1858 3294 2159 3366 ἀποροῦντος
2182 3294 2268 3364 τὴν
2293 3294 2448 3349 αἰτίαν
2474 3301 2560 3354 τοῦ

243 3380 325 3434 τὸν
349 3381 502 3451 μῦθον
527 3381 795 3441 συνθέντος.
842 3381 945 3435 Sed
969 3388 1020 3435 et
1043 3380 1383 3436 Philostratus
1409 3390 1461 3435 et
1483 3383 1587 3436 alii.

372 3466 436 3521 N.
459 3485 540 3522 ιιι.
584 3465 751 3519 Μόνον
775 3465 939 3538 τούτῳ
963 3471 1037 3536 τῷ
1062 3465 1331 3537 Ἰακώβῳ.]
1398 3468 1538 3521 Idem
1561 3473 1738 3520 narrat
1761 3467 1911 3521 Haer.
1932 3485 2096 3531 xxix„
2121 3485 2262 3522 uum.
2286 3485 2371 3533 iv„
2396 3471 2486 3523 ubi
2511 3475 2563 3525 et

239 3558 404 3607 totam
425 3552 603 3606 Iacobi
625 3551 891 3605 historiam
917 3557 1174 3617 recenset,
1207 3554 1355 3607 cuius
1385 3560 1535 3606 autor
1559 3552 1882 3622 Hegesippus
1910 3553 2050 3623 apud
2072 3553 2353 3608 Eusebium
2388 3555 2459 3608 lib
2500 3574 2556 3610 11.

243 3655 354 3708 cap.
372 3655 542 3701 xxm„
566 3638 656 3707 qui
678 3637 732 3690 id
755 3638 1014 3691 veteribus
1036 3639 1317 3708 persuasit,
1340 3646 1400 3690 ut
1423 3638 1733 3705 Hieronymo
1758 3638 1845 3689 lib.
1871 3637 1935 3689 de
1960 3637 2167 3708 Scripta
2194 3638 2385 3691 Eccles.
2456 3639 2560 3695 Sed

241 3725 406 3778 multa
428 3730 553 3777 sunt
573 3724 627 3776 in
651 3722 868 3777 historia
891 3724 1006 3786 illa,
1042 3739 1174 3793 quae
1197 3724 1460 3777 nonnullis
1483 3722 1769 3791 displicent.
1840 3721 2074 3789 Scaliger
2098 3739 2218 3775 vero
2243 3725 2294 3775 in
2323 3724 2557 3781 Animad.

242 3810 306 3862 ad
341 3824 538 3863 annum
561 3825 841 3863 uunxxvu.
877 3817 1127 3877 tanquam
1161 3809 1368 3861 inanem
1390 3807 1625 3860 fabulam
1649 3807 1860 3876 respuit.
1932 3807 2364 3877 Reprehensionis
2388 3810 2557 3880 capita

239 3894 367 3949 haec
390 3894 498 3948 fere
523 3902 660 3947 sunt.
700 3892 847 3958 Quod
871 3894 1057 3947 Iacobo
1081 3893 1180 3946 soli
1202 3893 1382 3945 scribit
1401 3893 1728 3962 Hegesippus
1751 3893 1804 3945 in
1828 3901 2008 3946 sancta
2032 3902 2331 3947 sanctorum
2353 3894 2557 3964 ingredi

239 3981 464 4034 licuisse.
510 3980 671 4050 Atqui
691 3981 782 4033 uni
805 3996 1008 4033 summo
1031 3977 1287 4048 pontifici,
1319 3977 1471 4045 idque
1495 3979 1657 4030 semel
1682 3978 1735 4031 in
1760 3994 1922 4041 anno,
1960 3995 2266 4032 concessum
2301 3987 2427 4034 erat.
2477 3979 2553 4032 Ia-

240 4066 400 4121 cobus
436 4072 612 4119 autem
645 4081 712 4118 ne
746 4064 927 4118 Levita
962 4062 1168 4134 quidem
1204 4068 1328 4133 erat.
1398 4060 1596 4116 Deinde
1633 4064 1755 4132 quia
1788 4079 1975 4117 caussa
2009 4080 2100 4117 cur
2135 4062 2196 4124 εἰς
2221 4063 2281 4116 τὰ
2306 4063 2419 4135 ἅγια
2440 4082 2552 4135 pet-

241 4153 431 4207 missus
455 4151 524 4204 sit
547 4150 741 4213 aditus,
765 4148 892 4202 baec
915 4148 1142 4213 affertur,
1166 4148 1305 4218 quod
1327 4148 1477 4201 lineis
1502 4148 1756 4213 vestibus,
1779 4165 1884 4202 non
1911 4150 2099 4212 laneis,
2132 4156 2376 4203 uteretur.
2446 4150 2552 4204 Hoc

241 4243 415 4292 autem
448 4237 574 4290 solis
608 4234 981 4300 sacerdotibus,
1016 4251 1136 4288 cum
1169 4234 1330 4287 sacris
1365 4234 1725 4304 operabantur,
1757 4234 1952 4287 licitum
1988 4234 2101 4287 fuit.
2166 4234 2336 4288 Tertio
2371 4243 2550 4304 gentes

241 4325 314 4377 ait
335 4339 454 4376 cum
479 4321 682 4375 Iudaeis
707 4322 1037 4385 convenisse,
1074 4319 1211 4390 quod
1246 4319 1525 4373 absurdum
1560 4327 1662 4383 est;
1696 4336 1864 4389 neque
1893 4320 2030 4372 enim
2055 4320 2273 4388 gentiles
2297 4320 2360 4372 ad
2386 4322 2550 4375 ullum

241 4408 547 4462 Iudaeorum
582 4406 772 4461 festum
809 4405 1151 4460 confluebant.
1220 4403 1666 4468 Quemadmodum
1689 4414 1741 4458 et
1760 4404 1886 4458 illud
1908 4403 2098 4457 falsum
2125 4403 2263 4474 quod
2287 4423 2363 4459 ιη
2383 4406 2549 4461 tribus

242 4493 468 4548 adfuisse
486 4492 627 4556 dicit,
650 4508 769 4546 cum
791 4508 882 4561 per
904 4490 1030 4545 illud
1046 4497 1250 4562 tempus
1274 4489 1406 4543 duae
1427 4495 1629 4568 tantum
1652 4490 1834 4554 forent,
1856 4489 2085 4558 reliquae
2109 4506 2139 4541 x
2166 4489 2361 4560 pridem
2385 4492 2441 4546 in
2464 4508 2548 4545 ca·

241 4579 529 4648 ptivitatem
566 4576 835 4632 abductae.
903 4575 1096 4641 Quarto
1121 4575 1330 4630 Osanna
1349 4575 1506 4629 refert
1527 4591 1560 4628 a
1579 4574 1780 4629 Indaeis
1803 4575 2167 4640 acclamatum,
2202 4576 2415 4646 quodin
2438 4594 2547 4631 sce-

243 4665 468 4736 nopegia
489 4664 662 4719 solum
684 4660 1002 4728 clamabant,
1035 4678 1153 4717 cum
1179 4677 1353 4716 ramos
1375 4677 1445 4717 ex
1467 4660 1739 4714 arboribus
1761 4659 2125 4730 defi-ingerent.
2196 4659 2383 4726 Quinto
2405 4662 2547 4717 Iaco-
2610 4736 2619 4741 ἱ
