3185 5219
380 4250 422 4288 p.
442 4239 526 4279 1³⁵.

589 383 740 441 CXX

588 541 679 593 ubi
704 539 768 593 <10
790 555 929 594 mo
952 515 1173 608 Regino
1204 537 1438 602 amerit,
1472 536 1975 602 coaeva-aemma,
2007 537 2200 609 inquit,
2233 537 2318 590 bic
2343 555 2508 591 am
2528 547 2625 602 m,
2662 541 2924 607 mnesa-

592 627 689 678 cile
710 629 848 679 redit
866 630 921 677 in
940 629 1169 694 qratiam
1193 642 1307 676 cum
1328 641 1462 677 anno
1486 624 1588 675 Iul.
1607 633 1701 677 etc.
1751 623 1926 684 Quare
1949 624 2092 676 nulla
2115 623 2373 677 methodus
2393 624 2513 676 laiac
2539 626 2725 693 confici
2737 633 2923 693 poten.

597 711 646 762 T
640 717 773 765 atior
794 729 983 779 maqna
998 713 1269 779 periodus,
1309 709 1525 770 QUAM
1554 709 1843 762 EXCOGI
1847 709 1894 760 T
1889 710 1936 759 A
1956 709 2094 762 VIM
2100 708 2203 774 US,
2238 728 2484 762 annorum
2506 707 2620 762 228
2632 748 2647 774 ,
2673 712 2924 763 enneade-

591 799 897 851 caeteridnm
922 798 1198 851 duodecim.
1264 796 1332 847 At
1351 794 1387 846 l.
1406 812 1455 847 v.
1478 810 1529 864 p.
1547 793 1690 859 485„
1725 794 1818 848 ubi
1841 793 1904 847 de
1928 794 2111 847 eodem
2133 811 2270 849 anno
2293 795 2541 865 loquitur,
2575 795 2814 859 Arabes,
2843 795 2924 849 in-

589 885 725 953 quit,
760 883 1038 950 Haqarem'
1060 883 1327 952 periodum
1360 880 1472 933 228
1496 899 1745 934 annorum
1777 880 1958 934 INST
1953 880 1989 931 I
1995 881 2040 931 T
2043 879 2302 933 UERUN
2307 879 2352 930 T
2377 900 2440 933 ex
2475 901 2527 935 a.
2556 883 2606 935 d.
2632 898 2713 936 ut.
2737 881 2927 934 lawa

587 971 777 1022 Martii
793 973 920 1021 anm·
938 969 1270 1036 Confflsionis,
1295 969 1437 1035 cyclo
1462 969 1614 1018 lunas
1631 985 1763 1031 xm„
1785 967 1908 1018 solis
1922 984 2013 1022 xx.
2048 965 2117 1019 Et
2131 966 2288 1037 paulo
2310 971 2454 1036 post:
2487 965 2770 1036 Triplices·
2793 970 2924 1022 aaa

577 1057 845 1125 periodum
879 1054 1186 1117 habuerunt,
1220 1056 1459 1104 minorem
1493 1069 1604 1106 m
1639 1067 1884 1105 annorum
1917 1054 2216 1116 mistorum,
2250 1050 2624 1105 maior-emmo
2655 1069 2925 1118 annor-uas,

585 1144 859 1192 maximam
894 1138 1007 1191 228
1037 1158 1284 1192 annorum
1313 1140 1583 1203 solarium,
1617 1137 1726 1189 235
1757 1148 1922 1191 autem
1945 1138 2315 1201 Arabicarum,
2347 1155 2450 1207 qua
2482 1137 2797 1191 siukana-z
2822 1156 2926 1208 per

586 1235 734 1278 totum
760 1234 1037 1278 conte-tium
1061 1229 1188 1276 anni
1207 1226 1399 1276 solaris
1420 1232 1643 1292 vaqatus
1663 1225 1801 1276 redit
1823 1225 1898 1276 ad
1925 1226 2135 1276 eandem
2160 1225 2307 1277 diem.
2377 1222 2522 1276 Idem
2555 1228 2610 1276 et
2638 1223 2695 1276 iu
2723 1224 2820 1277 lib.
2839 1241 2924 1278 m.

584 1313 722 1382 Isag
750 1310 877 1365 Can.
901 1311 1099 1380 repetit.
1148 1309 1282 1374 Quid
1303 1307 1402 1362 hoc
1426 1307 1638 1362 homine
1661 1309 1850 1373 facias,
1883 1313 1976 1361 aut
2009 1325 2169 1378 quam
2200 1309 2250 1362 ei
2280 1308 2492 1362 demum
2522 1307 2720 1363 habeas
2742 1309 2938 1376 fidem,-

585 1414 683 1450 sua
704 1414 760 1450 se
784 1398 895 1466 ipse
918 1395 1243 1449 confessione
1266 1401 1374 1447 tam
1397 1401 1577 1464 aperte
1600 1410 1662 1447 ac
1683 1394 1860 1465 palam
1880 1393 2076 1458 induit,
2109 1400 2169 1447 ut
2199 1394 2349 1448 cuius
2372 1394 2497 1448 anni
2517 1394 2720 1448 formae
2743 1411 2808 1448 ao
2831 1411 2926 1465 pe-

584 1482 716 1534 riodi
737 1484 1060 1535 inventorem
1084 1497 1142 1534 se
1165 1480 1311 1544 dicit,
1336 1496 1454 1533 eam
1477 1481 1648 1550 ipsam
1663 1479 2034 1533 vetustissimis
2056 1479 2417 1550 temporibus
2401 1496 2458 1533 ιιι
2479 1496 2582 1533 usu
2603 1480 2771 1534 fuisse
2796 1496 2924 1534 con-

583 1569 792 1621 firmet?
841 1567 943 1619 Sed
967 1583 1030 1619 ea
1051 1565 1183 1619 mihi
1204 1566 1339 1618 levia
1360 1581 1421 1619 ac
1445 1565 1740 1618 tolerabilia
1753 1565 2010 1629 videntur,
2042 1581 2164 1618 cum
2194 1565 2259 1618 ad
2281 1565 2388 1618 alia
2410 1565 2658 1636 respicio,
2694 1581 2832 1635 quae
2865 1566 2923 1619 in

583 1660 804 1724 utroque
825 1654 915 1705 illo
941 1668 1093 1721 opere
1117 1657 1336 1716 temere,
1368 1652 1727 1704 inconstanter
1757 1666 1818 1704 ac
1841 1651 1955 1704 sine
1978 1655 2159 1704 autore
2181 1650 2288 1704 ullo
2311 1651 2513 1719 passim
2534 1650 2750 1716 eflutiit,
2783 1667 2924 1721 quae

586 1757 681 1792 nos
709 1738 873 1803 brevi,
898 1739 943 1790 si
962 1737 1203 1790 dominus
1228 1736 1447 1801 dederit,
1467 1737 1521 1789 in
1537 1737 1710 1789 lucem
1730 1742 2069 1806 apertumque
2087 1735 2435 1806 proferemus,
2457 1741 2518 1788 ut
2535 1736 2626 1806 qui
2648 1736 2924 1790 chronolo-

585 1826 715 1892 gicis
738 1825 793 1877 in
815 1824 973 1875 rebus
995 1823 1149 1875 deum
1172 1821 1337 1874 illum·
1346 1821 1719 1892 propemodum
1741 1821 1963 1886 faciunt,
1993 1820 2160 1874 nihil
2143 1837 2321 1892 ipsum
2341 1821 2406 1874 ad
2431 1838 2549 1875 eam
2569 1838 2682 1875 rem
2712 1828 2924 1892 praeter

582 1912 777 1963 fastum
812 1915 864 1961 et
896 1908 1247 1978 arrogantiam
1280 1908 1520 1960 attulisse
1555 1907 1775 1961 discant.
1845 1906 2113 1960 Postremo
2150 1923 2310 1977 quam
2349 1907 2405 1960 in
2439 1906 2750 1961 Antiocheni
2792 1909 2924 1962 anni

584 1994 781 2065 epocha
802 1994 1028 2048 hominis
1055 1994 1459 2046 inconstantiam
1482 1992 1734 2057 vidimus,
1770 1991 1990 2045 eandem
2021 1993 2077 2045 in
2108 1992 2399 2063 Hagarenis
2431 1999 2484 2046 et
2503 1993 2743 2046 Arabicis
2774 1991 2923 2047 hisce

582 2082 808 2150 periodis
832 2081 963 2134 scito
989 2096 1104 2133 esse
1136 2080 1489 2134 commissam.
1553 2078 1689 2131 Nam
1711 2079 1745 2131 l.
1770 2096 1828 2132 11.
1852 2077 1915 2130 de
1938 2077 2154 2132 Emend.
2175 2094 2228 2148 p.
2250 2077 2364 2131 116.
2399 2080 2508 2134 etl.
2527 2097 2578 2131 v.
2611 2095 2665 2149 p.
2681 2077 2804 2133 485.
2826 2095 2922 2150 pe-

582 2166 785 2219 riodum
819 2168 1151 2236 [lagarenam
1184 2166 1251 2218 ab
1284 2181 1421 2218 anno
1453 2164 1567 2234 ipso
1591 2163 1952 2229 Confusionis,
1985 2164 2077 2233 qui
2107 2163 2346 2234 proxime
2382 2163 2477 2217 Iul.
2509 2164 2739 2234 primum
2770 2170 2920 2217 ante-

554 2259 559 2264 ‘
583 2253 763 2316 cessit,
795 2252 991 2305 Arabes
1025 2250 1298 2305 inchoasse
1330 2250 1511 2313 tradit,
1544 2267 1654 2320 per.
1686 2248 1950 2302 Iul-4668.
1995 2248 2059 2302 In
2079 2248 2222 2320 lsag.
2248 2266 2370 2303 vero
2396 2248 2594 2303 Canon.
2614 2251 2651 2303 l.
2671 2268 2753 2305 m.
2777 2267 2821 2302 c.
2841 2269 2917 2304 rx.

582 2355 632 2406 p.
652 2337 767 2390 235.
792 2338 990 2407 periodi
1013 2336 1168 2390 huius
1193 2333 1445 2407 epocham
1468 2335 1688 2388 eandem
1722 2351 1838 2388 esse
1862 2335 2014 2387 docet
2033 2351 2193 2405 quam
2216 2340 2270 2388 et
2289 2333 2721 2388 Antiochensium
2743 2351 2918 2400 aerae,

583 2421 679 2475 hoc
712 2430 794 2476 est
823 2424 889 2476 ab
923 2439 1060 2476 anno
1095 2423 1263 2492 primo
1297 2419 1627 2475 monarchiae
1661 2421 1780 2474 Iulii
1815 2419 2073 2486 Caesaris,
2104 2437 2215 2491 per.
2240 2420 2532 2485 1u1.4666.,
2570 2435 2703 2490 quae
2734 2437 2921 2477 secum

529 2500 540 2511 ’
581 2509 851 2580 perspicue
875 2516 1128 2579 pugnant..

717 2594 822 2647 Sed
855 2593 935 2648 his
972 2594 1127 2667 nugis
1164 2593 1398 2659 omissis,
1434 2592 1764 2648 verisimilius
1799 2597 1880 2646 est
1909 2591 2188 2664 Epiphanii
2221 2593 2407 2648 saltem
2440 2597 2673 2664 tempore
2707 2593 2919 2649 civilem

580 2682 813 2733 Arabum
836 2697 1034 2734 ann-um
1055 2682 1278 2734 solarem
1300 2679 1488 2743 fuisse,
1524 2685 1579 2733 et
1611 2679 1727 2732 aliis
1759 2695 1918 2749 quam
1940 2680 2033 2750 qui
2053 2680 2215 2750 vulgo
2237 2679 2670 2733 circumietuntur
2691 2681 2922 2735 nomini-

580 2767 679 2819 bus
702 2782 909 2820 menses
933 2768 1221 2838 appellatos
1254 2781 1385 2818 esse.
1455 2765 1782 2836 Simplicius,
1817 2767 1898 2819 uti
1929 2765 2164 2835 Scaliger
2196 2765 2464 2830 observat,
2497 2780 2533 2818 a
2559 2781 2681 2818 vere
2716 2782 2922 2822 annum

581 2870 735 2905 suum
758 2854 955 2906 Arabes
978 2853 1252 2905 inchoasse
1275 2851 1468 2906 scribit.
1503 2850 1917 2904 Alexandrinum
1937 2867 2061 2905 vero
2081 2849 2373 2904 Chronicon
2395 2868 2448 2921 p.
2467 2850 2583 2904 597.
2608 2857 2758 2905 notat
2779 2852 2920 2907 Gan-

581 2940 699 2991 dido
724 2944 776 2991 et
801 2938 1060 3002 Quadrato
1095 2954 1229 2992 coss.
1257 2937 1466 2990 Petreos
1498 2943 1553 2990 et
1581 2936 1893 3001 Bostrenos,
1930 2937 2020 3008 qui
2055 2936 2274 2990 Arabiae
2309 2936 2490 3008 populi
2522 2943 2676 3002 sunt,
2708 2938 2778 2991 ab
2813 2937 2919 2993 hoc

578 3026 694 3094 ipso
719 3041 855 3078 anno
880 3030 1117 3094 tempora
1149 3040 1247 3076 sua
1278 3038 1576 3087 numerare,
1613 3024 1704 3092 qui
1736 3028 1817 3074 est
1846 3037 1998 3076 aerae
2019 3021 2376 3092 Dionysianae
2397 3038 2511 3088 cr„
2546 3022 2760 3077 Traiani
2781 3023 2919 3096 Imp.

581 3116 811 3163 octavus).

716 3194 852 3246 Κατὰ
875 3194 1210 3254 Καππαδόκας
1233 3191 1448 3262 ’At-apti
1473 3194 1561 3262 ιγ.]
1630 3192 1850 3246 Lunaris
1880 3193 2042 3264 igitur
2076 3192 2448 3264 Cappadocum
2474 3195 2675 3249 mensis
2711 3197 2919 3263 adun

581 3280 996 3350 quandoquidem
1020 3296 1137 3333 cum
1161 3277 1357 3332 Tebeth
1381 3278 1590 3331 Iudaico
1620 3279 1875 3333 convenit.
1925 3280 2037 3333 Imo
2072 3295 2193 3332 vero
2228 3286 2408 3333 neuter
2438 3287 2680 3335 accurate
2713 3282 2919 3336 lunar'm

578 3366 703 3428 fuit,
733 3382 853 3417 cum
884 3365 1210 3417 novilunium
1245 3363 1474 3418 medium
1507 3363 1631 3417 Dec.
1649 3364 1731 3417 26.
1756 3370 2030 3435 competat.
2077 3364 2249 3428 Quare
2282 3366 2330 3418 si
2361 3366 2539 3418 Iudaei
2561 3362 2662 3418 ἐπὶ
2689 3370 2775 3434 τῆς
2801 3386 2918 3420 συν-

582 3451 699 3501 όδου
744 3450 1045 3502 neomenias
1091 3450 1309 3503 civiliter
1353 3449 1716 3514 deduxissent,
1755 3449 1864 3503 Ian.
1904 3469 1974 3505 vr.
2011 3451 2224 3504 nonnisi
2265 3466 2346 3504 ιιι
2379 3466 2546 3506 mens.
2583 3450 2915 3509 habuissent.

580 3535 673 3588 Sin
693 3535 831 3605 quod
854 3536 967 3587 aliis
990 3536 1211 3604 placuit,
1235 3537 1311 3588 uti
1335 3537 1513 3605 glossa
1535 3552 1577 3588 c.
1592 3554 1685 3589 vu.
1706 3551 1815 3605 par.
1836 3555 1872 3590 1.
1895 3534 1987 3589 lad
2009 3536 2070 3588 R.
2089 3535 2452 3590 Haemonidae
2468 3542 2711 3604 testatur,
2734 3556 2913 3597 neom.

580 3636 847 3690 nunquam
871 3637 932 3672 eo
957 3619 1039 3672 die
1071 3621 1378 3685 constituta,
1412 3622 1466 3674 in
1502 3637 1661 3691 quem
1693 3622 1872 3674 Molad
1904 3622 2175 3687 incideret,
2207 3622 2485 3674 neomenia
2505 3622 2708 3676 Tebeth
2743 3623 2939 3680 xxm.

578 3707 699 3759 Dec.
715 3747 728 3770 ,
750 3706 978 3759 Ianuarii
1000 3711 1175 3760 autem
1201 3726 1268 3760 vr.
1295 3706 1552 3761 duntaxat
1575 3707 1849 3761 undecima
1872 3708 2126 3761 convenit.
2176 3706 2311 3761 Scal.
2336 3707 2427 3762 lib.
2447 3724 2520 3762 vr.
2545 3707 2612 3761 de
2633 3708 2913 3765 Emendat.

579 3808 699 3845 cum
731 3792 793 3844 de
828 3807 965 3845 anno
1000 3793 1163 3845 natali
1199 3791 1388 3846 Christi
1420 3793 1676 3864 disputat,
1708 3793 2056 3864 Epiphaniam
2085 3791 2379 3862 redarguit,
2415 3792 2555 3862 quod
2577 3793 2783 3849 'roboth
2815 3813 2911 3868 pro

579 3877 775 3931 Sebath
797 3878 1043 3948 posuerit.
1089 3877 1193 3931 Sed
1216 3878 1664 3949 reprehendendus
1687 3880 1800 3948 ipse
1821 3879 2021 3948 potius,
2055 3878 2146 3948 qui
2178 3878 2244 3931 ad
2278 3884 2633 3933 commentum
2662 3896 2827 3936 suum
2849 3883 2913 3938 de

579 3964 844 4034 Calippica
865 3962 1075 4033 periodo
1100 3980 1132 4016 a
1154 3963 1356 4016 Iudaeis
1380 3970 1503 4017 tunc
1525 3964 1774 4034 temporis
1800 3965 2074 4017 observata
2094 3962 2443 4033 Epiphaniam
2467 3965 2798 4037 adstringere
2821 3986 2912 4023 vo-

576 4050 700 4113 luit;
736 4049 798 4102 de
824 4064 927 4118 qua
949 4065 1004 4101 re
1027 4050 1185 4118 paulo
1218 4056 1338 4119 post
1367 4055 1550 4119 agetur
1579 4051 1636 4102 in
1658 4048 2020 4119 Disputatione
2043 4047 2106 4101 de
2129 4065 2268 4101 anno
2293 4049 2599 4103 Dominicae
2619 4050 2910 4108 Passionis.

576 4134 697 4188 Fuit
717 4134 802 4187 hic
822 4135 983 4204 igitur
1006 4136 1200 4187 mensis
1224 4133 1444 4199 Tebeth,
1469 4150 1573 4186 non
1599 4133 1822 4198 Sebath;
1857 4141 1910 4186 et
1932 4140 2013 4186 est
2035 4134 2247 4187 omnino
2272 4133 2336 4186 ad
2359 4135 2627 4190 Iudaicam
2646 4138 2800 4192 illam
2819 4157 2912 4211 pe·

578 4221 781 4274 riodum
796 4260 809 4284 ,
835 4236 992 4289 quam
1006 4225 1199 4290 postea
1222 4237 1290 4273 ex
1311 4218 1587 4289 Epiphanii
1610 4226 1785 4273 mente
1817 4218 2192 4283 describemus,
2227 4221 2804 4279 accommodatissimus
2826 4226 2913 4280 hio

575 4309 737 4360 locuS.
796 4306 908 4359 Etsi
941 4306 1160 4360 duorum
1192 4305 1407 4358 alterum
1441 4303 1691 4357 accidisse
1724 4304 1977 4375 suspicor,
2013 4310 2071 4357 ut
2092 4305 2176 4357 vel
2201 4301 2261 4356 ιδ’
2285 4322 2380 4376 pro
2406 4303 2470 4376 ιγ’
2496 4308 2768 4379 scripserit
2788 4311 2911 4382 Epi-

575 4390 827 4463 phanius,
859 4392 940 4443 vel
971 4391 1219 4460 quoniam
1241 4390 1465 4443 Ianuarii
1484 4407 1531 4441 v.
1555 4406 1649 4459 pro
1673 4407 1741 4443 vr.
1767 4389 2067 4458 imprudens
2093 4396 2456 4460 usurpaverat,
2487 4400 2551 4445 ad
2587 4408 2709 4447 eam
2741 4399 2910 4468 rupi.

577 4479 718 4530 ciens
742 4494 856 4529 xm.
881 4475 1079 4528 Tebeth
1100 4475 1443 4545 adscripserit.
1489 4474 1615 4527 Erat
1636 4476 1776 4527 enim
1798 4490 1864 4527 ex
1881 4473 2132 4528 ‘methodo
2155 4480 2336 4529 nostra
2356 4476 2555 4530 Tebeth
2579 4478 2660 4533 14.
2695 4478 2907 4553 Quippe

578 4560 1313 4632 ogdoecontatessaraeteridis
1336 4575 1503 4612 annus
1527 4558 1626 4612 iste
1649 4559 1750 4613 fuit
1770 4577 1845 4624 1..,
1871 4559 2019 4628 cyclo
2042 4560 2168 4613 solis
2191 4578 2264 4615 rx.
2280 4599 2295 4625 ,
2319 4561 2476 4615 lunae
2497 4581 2533 4617 1.
2547 4602 2562 4628 ,
2596 4578 2631 4616 a
2650 4562 2770 4618 Kal.
2793 4567 2905 4625 Ian.

576 4648 700 4701 anni
721 4645 909 4700 Iuliani
930 4645 1195 4715 sequentis
1218 4644 1491 4699 neomenia
1513 4644 1677 4698 Nisan
1700 4646 1822 4715 Apr.
1843 4662 1901 4701 11.
1918 4684 1932 4710 ‚
1965 4643 2058 4699 fer.
2085 4663 2153 4701 tv.
2201 4645 2326 4699 Erat
2354 4662 2525 4701 annus
2553 4648 2790 4721 simplex
2821 4670 2905 4708 or·

1742 4936 1772 4974 θ
