3185 5219
279 578 461 631 Annus
508 577 710 647 primus
741 577 983 632 Julianus
1028 595 1131 632 non
1175 578 1277 632 fnit
1311 578 1396 632 Bi·

344 663 551 716 sextilia
825 667 830 670 “
1279 663 1394 717 205.

278 748 412 801 Anni
456 748 663 802 Judaici
718 765 838 801 vera
893 748 1175 803 declaratio
1229 757 1285 801 et
1329 766 1393 802 ex

342 833 634 904 Epiphanio
672 835 847 902 cyclus
879 833 1197 888 Judaeornm
1235 851 1393 904 expo·

343 920 484 972 nitur
1285 920 1394 975 159.

277 1006 416 1057 Anni
447 1004 654 1057 sudaioi
698 1006 869 1058 forma
912 1021 1070 1074 quam
1115 1006 1215 1058 snb
1249 1004 1394 1058 Chri-

343 1091 413 1144 sti
445 1098 684 1160 tempora
716 1099 996 1143 tenuerunt
1284 1090 1395 1144 151.

278 1176 341 1229 de
379 1178 529 1229 Anno
585 1176 843 1246 passionis
888 1175 1177 1229 dominicae
1222 1177 1393 1228 variae

343 1262 631 1331 priscorum
678 1261 969 1315 sententiae
1021 1260 1243 1314 diatriba
1285 1277 1393 1314 am-

344 1347 585 1416 plissima
1279 1346 1394 1399 242.

277 1431 340 1484 de
367 1433 534 1485 Annis
560 1432 770 1488 Adriani
793 1431 1123 1502 imperatoris
1157 1432 1393 1501 quaestio

342 1518 608 1587 implicata
643 1516 786 1580 391„
843 1516 907 1570 de
949 1516 1062 1585 ejus
1096 1517 1394 1586 peregrina-

343 1602 577 1656 tionibus
1285 1600 1395 1655 193.

277 1687 550 1741 Antiochia
571 1687 754 1757 Syriae
772 1687 1073 1757 metropolis
1093 1685 1396 1757 Epidaphne

343 1772 482 1826 dicta
515 1779 567 1826 et
602 1789 761 1843 quam
798 1772 865 1826 ob
901 1788 1112 1825 cansam
1279 1770 1396 1825 305.

275 1854 637 1927 Ἀποβαι-ήριον
1346 1857 1395 1911 5.

274 1944 590 2014 Apollinaris
616 1960 757 1997 error
791 1943 984 2014 duplici
1018 1942 1219 2012 synodo
1255 1942 1398 1994 dam·

341 2034 499 2083 natus
1283 2026 1399 2080 230.

276 2115 593 2185 Apollinaris
619 2115 797 2185 opinio
821 2114 884 2168 de
908 2130 1063 2167 carne
1090 2113 1280 2166 Christi
1317 2112 1396 2165 60.

275 2201 646 2270 Apostolorum
669 2201 931 2271 principes
965 2216 1068 2270 quo
1093 2215 1229 2252 anno
1257 2198 1400 2269 passi

343 2294 464 2339 sunt
1312 2284 1394 2338 49.

272 2373 455 2442 Aquae
510 2371 809 2426 benedictae
867 2385 994 2424 usus
1038 2386 1197 2439 qnam
1243 2369 1398 2423 fuerit

341 2458 592 2527 antiquus
1312 2453 1394 2507 58.

275 2543 473 2597 Arabes
514 2559 549 2596 a
592 2557 714 2596 vere
754 2558 954 2595 annum
988 2557 1144 2595 suum
1178 2541 1394 2612 incipie-

342 2630 472 2683 bant
1285 2625 1396 2679 134.

274 2713 516 2768 Archelai
548 2712 780 2767 Judaeae
815 2714 954 2782 regis
988 2712 1238 2781 relegatio
1288 2712 1396 2765 134.

273 2799 587 2853 Arianorum
595 2798 718 2852 fidei
728 2798 1252 2869 professionesvariae
1264 2813 1399 2868 quae

340 2901 508 2955 usque
527 2885 596 2938 ad
619 2884 855 2938 undecim
891 2889 1260 2937 enumerantur
1282 2881 1398 2936 327.

277 2972 582 3025 Aristoteles
631 2970 866 3024 tabulam
910 2969 973 3023 de
1016 2971 1202 3023 leaena
1235 2968 1403 3037 rejicit

1276 3052 1393 3107 332.

276 3142 430 3213 Aspis
482 3158 516 3194 a
570 3141 746 3212 vipera
800 3156 1059 3197 venenum
1128 3145 1394 3192 mutuatur

341 3228 582 3299 proverb.
1313 3226 1395 3285 42,

275 3315 440 3367 Assur
482 3313 546 3366 de
592 3329 694 3383 quo
739 3313 925 3366 debeat
959 3312 1184 3381 intelligi
1217 3311 1394 3365 variae

341 3399 633 3453 sententias
1344 3398 1392 3451 6.

275 3488 609 3554 Assyriorum
636 3483 970 3539 monarchiae
995 3483 1274 3537 intervalla
1317 3483 1393 3537 11.

280 3573 614 3641 Assyriorum
652 3586 836 3639 regum
874 3570 1071 3639 posteri
1277 3569 1393 3622 2142

277 3658 431 3710 Astra
484 3673 516 3709 a
570 3655 882 3726 quibusdam
940 3655 1170 3708 animata
1216 3671 1391 3709 cense-

344 3742 535 3795 bantur
579 3741 716 3812 quod
776 3740 840 3793 de
872 3740 1088 3794 Judaeis
1146 3738 1395 3793 creditum

344 3834 426 3881 est
1314 3824 1398 3877 34.

279 3897 552 3950 Athanasii
594 3896 815 3951 exilium
851 3896 905 3948 in
944 3893 1116 3948 Gallia
1150 3893 1400 3963 quamdin

346 3983 609 4036 duraverit
853 4025 859 4033 .
1284 3978 1399 4032 276.

283 4067 450 4121 Atthis
473 4066 869 4121 Atheniensium
903 4066 1043 4135 regis
1078 4065 1188 4118 filia
1223 4080 1255 4116 a
1291 4080 1395 4134 qua

345 4155 517 4207 Attica
534 4153 690 4217 dicta,
713 4167 848 4221 quae
858 4153 988 4205 Acta
1011 4151 1279 4203 dicebatur
1320 4150 1396 4204 16.

283 4240 596 4309 Azymornm
633 4237 744 4291 dies
781 4253 915 4308 quos
951 4237 1096 4291 cibos
1121 4252 1277 4308 quam
1314 4251 1395 4288 so·

346 4325 671 4379 lemnitatem
705 4323 1041 4377 admitterent
1280 4321 1396 4375 293.

810 4436 877 4512 B.

286 4563 691 4636 Babyloniorum
703 4580 924 4635 regnum
939 4563 1147 4635 quando
1167 4561 1397 4701 coezelrgt

2275 410 2608 466 Cocxxxv

1501 578 1697 634 Balnea
1734 580 2003 650 utriusque
2048 597 2209 634 sexus
2245 583 2546 652 promiscua
2581 598 2613 636 a

1564 664 1755 734 quibus
1791 665 1989 719 Romae
2027 664 2289 735 prohibita
2529 667 2611 722 56.

1502 749 1644 803 Bano
1670 766 1727 803 se
1746 750 2006 821 Josephns
2026 751 2307 804 tradiderat
2327 753 2613 807 lotionibus

1564 836 1759 888 crebris
1796 837 1872 889 uti
1906 837 2060 890 solito
2528 837 2612 891 34.

1502 920 1819 990 Baptisimus
1842 922 2095 975 laicorum
2125 939 2190 974 an
2227 923 2298 999 sit
2320 939 2472 975 verns
2495 922 2613 979 341.

1502 1005 1770 1060 Barnabae
1805 1023 1995 1060 nomen
2030 1008 2155 1077 quid
2195 1006 2396 1062 Graeca
2429 1018 2482 1061 et
2515 1008 2612 1077 Sy-

1565 1093 1705 1144 riaca
1742 1109 1866 1145 voce
1899 1092 2162 1161 significet
2531 1093 2614 1148 60.

1499 1176 1757 1230 Batonius
1825 1175 2120 1230 Cassiodori
2167 1178 2480 1232 sententiam
2533 1195 2614 1231 se-

1567 1263 1742 1332 quitur
1765 1263 1819 1315 in
1845 1261 2036 1315 Christi
2060 1264 2220 1315 natali
2247 1264 2614 1332 investigando

1495 1429 1752 1486 Basilides
1788 1431 2082 1486 haereticus
2119 1443 2248 1502 quot
2282 1434 2456 1487 coelos
2492 1348 2615 1487 023:

1564 1518 1793 1571 stitnerit
1995 1554 1998 1558 .
2530 1518 2615 1572 43.

1501 1602 1672 1656 Bedae
1697 1602 1957 1656 decretum
1985 1604 2248 1657 excutitur
2272 1603 2336 1657 de
2373 1605 2616 1674 passione

1567 1687 1778 1740 Domini
1821 1687 1946 1752 142„
1995 1687 2229 1757 ejusdem
2273 1688 2616 1742 difficillimus

1563 1774 1713 1826 locus
1748 1773 2060 1842 expenditur
2502 1774 2613 1829 144.

1504 1857 1731 1926 Βεβίωκε,
1766 1859 1816 1910 id
1842 1866 1922 1911 est
1958 1860 2104 1923 vixit,
2139 1876 2232 1929 pro
2267 1875 2329 1912 eo
2366 1860 2503 1929 qnod
2539 1866 2620 1912 est

1572 1953 1833 1996 mortuum
1869 1961 1984 1997 esse
2534 1944 2616 2000 27.

1503 2028 1752 2082 Bisextus
1797 2029 2007 2099 quando
2052 2030 2279 2100 primum
2328 2031 2426 2083 fuit
2470 2030 2616 2084 insti·

1569 2117 1713 2168 tutus
1748 2130 1779 2166 a
1814 2114 1955 2167 Julio
1991 2123 2043 2168 et
2078 2117 2144 2168 ab
2172 2117 2408 2183 Augusto
2444 2131 2618 2168 emen-

1569 2201 1724 2254 datus
1760 2200 1859 2267 99„
1898 2200 2010 2269 ejus
2065 2201 2364 2253 reformatio
2409 2201 2617 2270 quando

1569 2287 1799 2357 coeperit
1817 2294 1865 2339 et
1885 2286 2147 2354 quomodo
2166 2285 2324 2339 fuerit
2344 2284 2486 2340 facta
2507 2285 2618 2340 100.

2019 2462 2083 2524 C.

1498 2595 1713 2649 Calvisii
1749 2612 1888 2648 error
1925 2594 2142 2664 supinus
2506 2594 2617 2648 141.

1499 2681 1892 2750 carpocratiani
1912 2679 2277 2733 Gnosticorum
2295 2680 2510 2749 pessimi
2533 2681 2616 2734 47.

1500 2765 2021 2835 Carpocratianorum
2080 2764 2182 2818 duo
2248 2764 2500 2835 dogmata
2550 2767 2617 2818 ab

1568 2850 1858 2921 Epiphanio
1894 2850 2205 2919 impugnata
2530 2849 2613 2905 49.

1503 2935 1717 2990 Cassius
1742 2937 1943 3005 collega
1968 2935 2171 2989 Vinucii
2209 2952 2275 2988 an
2301 2935 2455 2988 fuerit
2479 2934 2617 2989 idem

1573 3038 1690 3074 cum
1731 3021 1854 3074 Caio
1892 3020 2072 3073 Cassio
2110 3020 2349 3089 Longino
2533 3019 2616 3075 97.

1498 3106 1759 3160 Caussarii
1796 3107 2001 3177 proprie
2035 3106 2159 3158 dicit
2195 3104 2423 3157 ἀδύνατοι
2498 3105 2616 3161 328.

1498 3193 1724 3262 Cecrops
1778 3192 1976 3261 primns
2019 3192 2141 3245 ,10νί
2199 3193 2382 3244 bovem
2429 3192 2616 3244 immo-

1565 3279 1696 3331 lavit
2539 3275 2616 3331 10.

1499 3364 1739 3418 Chebron
1780 3363 1937 3434 vulgo
1976 3379 2093 3417 esse
2130 3363 2355 3416 creditur
2378 3361 2617 3416 Eleuthe-

1565 3450 1760 3521 ropolis
2530 3448 2613 3502 76.

1497 3534 1869 3605 chorepiscopi
1893 3535 1981 3605 qni
2008 3534 2270 3598 dicantur,
2311 3540 2419 3586 tum
2448 3534 2616 3604 regio·

1565 3621 1696 3674 narii
1723 3626 1774 3672 et
1800 3621 1984 3673 vicani.
2025 3619 2161 3682 277„
2188 3635 2321 3688 qnae
2348 3620 2416 3670 sit
2437 3636 2616 3672 eorum

1569 3704 1797 3772 dignitas
1845 3713 1895 3756 et
1931 3711 2162 3773 potestas
2197 3704 2250 3755 in
2289 3704 2511 3756 ecclesia
2546 3706 2615 3758 ib.

1569 3790 1736 3843 eidem
1802 3796 1926 3841 sunt
1990 3786 2169 3841 vicarii
2235 3790 2614 3858 episcoporum.

1568 3876 1710 3939 ibid„
1728 3890 1880 3945 pares
1906 3873 2159 3943 episcopis
2179 3872 2312 3938 278„
2350 3879 2525 3926 utrum
2549 3873 2615 3926 ab

1571 3978 1673 4014 uno
1711 3976 1776 4012 an
1801 3976 1833 4013 a
1857 3958 2093 4030 pluribus
2118 3960 2377 4031 episcopis
2420 3959 2615 4012 fuerint

1568 4046 1789 4099 ordinati
1807 4044 1941 4110 270„
1966 4046 2113 4116 origo
2132 4044 2618 4116 chorepiscoporum

1499 4217 1733 4271 Christus
1769 4216 2051 4270 Februario
2088 4232 2268 4269 mense
2293 4222 2447 4268 natus
2483 4232 2610 4285 quo-

1566 4303 1786 4356 rundam
1825 4303 2068 4372 opinione
2506 4300 2617 4354 110.

1499 4386 1734 4441 Christus
1780 4394 1909 4458 quot
1952 4385 2207 4440 Paschata
2256 4392 2379 4456 post
2421 4385 2616 4456 baptis·

1564 4490 1709 4526 mum
1747 4473 1937 4528 obierit
1969 4471 2103 4537 203„
2160 4469 2424 4542 quomodo
2469 4472 2617 4543 plura

1566 4576 1725 4630 quam
1750 4559 1848 4612 tria
1871 4557 2128 4611 Paschata
2147 4559 2461 4629 colligantur
2479 4556 2615 4622 204„

1564 4645 1821 4717 Scaligeri
1846 4647 2023 4721 opinio
2048 4644 2112 4699 de
2137 4646 2369 4717 quinque
2395 4643 2615 4697 Pascha-
