3185 5219
582 384 866 442 CCLXXII

580 541 643 594 de
666 542 809 595 omni
831 541 987 595 etiam
1008 541 1314 610 antiquitate
1336 548 1389 594 et
1403 539 1622 594 historia
1636 542 1769 596 bene
1790 540 2021 595 merendi
2044 541 2401 611 opportunitas
2416 540 2516 595 hoc
2538 541 2593 594 in
2611 542 2892 613 lacopess-

577 627 744 689 betur,
766 627 856 680 ubi
878 626 942 678 de
959 627 1232 695 Ancyram
1252 641 1314 680 sc
1332 626 1605 680 Sirmiensi
1620 626 2052 697 pseudosynodis,
2076 626 2296 696 eliisqus
2312 626 2757 680 Semini-innotuis
2772 643 2894 681 con·

577 713 846 766 venticulis
867 712 1056 781 agitur.
1103 710 1334 775 Quorum
1368 717 1486 765 acta
1516 719 1568 765 st
1587 718 1823 783 tempora
1844 712 1923 764 sic
1944 711 2083 782 apud
2104 717 2307 766 veteres
2325 712 2537 783 perinde
2560 727 2623 766 sc
2644 713 2895 766 recentio-

577 813 660 850 res
693 796 914 850 confusa
941 795 1342 867 perturbataque
1371 803 1517 862 sunt,
1547 798 1696 851 nulla
1726 805 1785 851 ut
1814 797 2061 851 historiae
2090 795 2209 869 pars
2241 797 2492 869 impedita
2516 798 2691 869 magis
2714 807 2777 850 ac
2796 798 2895 853 dif-

575 882 727 936 ficilis
750 888 1009 952 appareat.
1075 882 1259 935 Dicam
1290 897 1399 936 nou
1430 883 1709 936 iactantiae
1742 899 1955 948 caussa,
1990 883 2081 937 sed
2115 889 2175 937 ut
2206 883 2393 937 eruditi
2425 883 2632 936 lectoris
2663 882 2893 936 studium

577 967 826 1031 excitem,
854 967 1093 1020 fortassis
1127 966 1399 1033 audacius,
1433 968 1501 1021 ab
1523 966 1645 1022 hinc
1666 969 1807 1021 mille
1832 984 1891 1022 ac
1916 968 2151 1023 ducentis
2172 967 2545 1040 propemodum
2569 970 2725 1021 annis
2744 967 2895 1039 liqui-

576 1051 696 1105 dem
716 1067 778 1105 uc
799 1054 1056 1106 sinceram
1077 1053 1283 1106 illorum
1306 1054 1565 1106 rationem
1587 1054 1881 1124 ignoratam
1901 1055 2111 1107 fnissse.
2177 1054 2327 1118 Quod
2358 1054 2461 1107 nisi
2483 1054 2791 1108 certissimis
2814 1069 2894 1106 ar·

573 1138 838 1207 gumentis
857 1138 1161 1207 indiciisque
1184 1143 1562 1204 monstravero,
1597 1138 1727 1193 nihil
1748 1155 1848 1209 ego
1872 1140 2201 1210 deprecabor,
2225 1141 2350 1210 quin
2373 1140 2425 1193 id
2448 1139 2733 1192 vanissime
2755 1153 2789 1192 a
2808 1155 2892 1192 ms

572 1222 766 1277 dictim
791 1239 971 1277 omnes
993 1223 1320 1278 arbitrentur.
1353 1224 1648 1293 Propous-m
1668 1226 1829 1295 igitur
1848 1226 2105 1295 imprimis
2123 1225 2557 1296 quemadmodum
2574 1224 2641 1278 ab
2664 1225 2893 1295 antiquis

571 1306 828 1362 historicis
852 1323 915 1361 ea
932 1309 1237 1374 referuntur,
1259 1315 1373 1362 tum
1397 1308 1521 1378 quid
1544 1325 1578 1361 a
1600 1311 1972 1364 recentioribus
1994 1312 2277 1366 memoriae
2298 1310 2559 1382 proditum
2583 1310 2677 1376 sit,
2698 1317 2763 1364 ut
2785 1326 2893 1364 am·

571 1394 756 1447 borum
779 1393 1007 1447 falsitate
1027 1395 1263 1448 convicta
1281 1394 1474 1447 veritus
1495 1395 1615 1465 ipsa
1637 1411 1671 1447 a
1691 1396 1795 1449 situ
1818 1402 1871 1449 et
1893 1397 2210 1452 obscuritate
2230 1396 2535 1451 vindicetur.

571 1616 661 1671 DE
702 1615 1044 1671 SIRMIENSI
1084 1616 1171 1670 ET
1203 1616 1572 1672 ANGYRANA
1614 1617 2150 1673 PSEUDOSYNODO
2192 1618 2501 1684 ALIISQUE
2544 1619 2891 1674 SEMIAmA·

569 1702 813 1757 NORUM
843 1701 1065 1767 nens,
1107 1699 1460 1770 SOCRATIS‚
1505 1703 1851 1759 SOZOMENI
1893 1703 2487 1769 GAETERORUMQUE
2528 1704 2893 1760 NARRA‘HO.

704 1820 807 1875 Ubi
827 1837 885 1875 se
904 1822 1095 1876 Ariana
1113 1822 1332 1893 perfidia
1347 1824 1407 1877 in
1429 1824 1609 1877 orbem
1628 1821 1977 1878 Christianum
1999 1822 2194 1890 effudit,
2219 1824 2384 1878 scissa
2404 1829 2488 1877 est
2501 1825 2675 1878 vsria‘s
2694 1825 2754 1878 in
2774 1839 2893 1895 pur·

568 1913 674 1973 tes,
709 1923 769 1960 ac
800 1908 1164 1978 multiplicium
1198 1914 1456 1962 sectarum
1490 1915 1544 1962 et
1564 1909 1853 1963 factionum
1874 1915 1999 1962 sunt
2020 1915 2149 1962 nata
2169 1909 2401 1964 divortia.
2470 1909 2538 1963 Ut
2570 1910 2637 1964 de
2668 1910 2889 1963 caeteris

567 1991 723 2046 modo
739 1997 954 2057 taceam,
975 1993 1197 2063 insignis
1215 1994 1545 2065 potissimum
1561 1993 1663 2047 fuit
1675 1993 1881 2048 Photini
1899 1994 2195 2049 Sirmiensis
2218 1994 2473 2066 impietas,
2497 1993 2589 2065 qui
2606 1994 2821 2049 Sabellii
2838 2002 2891 2048 et

567 2077 896 2132 Samosateni
907 2078 1154 2148 dogmata
1167 2080 1274 2132 iam
1292 2080 1416 2133 olim
1430 2079 1677 2133 damnata
1692 2080 1852 2149 longo
1870 2079 2141 2133 intervallo
2159 2081 2439 2136 renovavit.
2471 2081 2632 2134 Guius
2648 2079 2886 2134 haeresin

568 2163 748 2218 ordine
766 2181 850 2217 nx.
875 2165 1052 2234 posuit
1074 2180 1135 2216 sc
1155 2165 1399 2219 refutavit
1413 2163 1750 2235 Epiphanius.
1787 2165 1935 2217 Hunc
1958 2170 2018 2218 ut
2039 2165 2390 2236 opprimerent
2404 2166 2582 2220 Ariani
2605 2182 2668 2219 ac
2688 2173 2887 2220 unium

566 2264 600 2302 a
621 2265 678 2301 ss
696 2249 944 2302 invidiam
965 2251 1408 2320 ignominiamque
1432 2250 1772 2320 depellerent,
1805 2251 1984 2320 utique
2007 2267 2065 2304 se
2085 2251 2297 2304 tandem
2325 2250 2607 2305 catholicos
2630 2268 2748 2305 esse
2770 2267 2891 2323 pro-

565 2333 848 2400 fiterentur,
873 2334 1162 2389 Constantii
1183 2337 1362 2406 impet.
1385 2335 1534 2389 iussu
1557 2335 1830 2400 Sirmium,
1855 2351 1989 2406 quae
2011 2336 2137 2389 urbs
2160 2343 2242 2390 est
2262 2336 2585 2402 Pannoniae,
2609 2337 2884 2391 orientales

564 2426 913 2474 convocantur
949 2421 1206 2492 episcopi,
1247 2420 1683 2491 quemadmodum
1724 2421 1967 2475 Socrates
2002 2421 2094 2477 lib.
2122 2438 2177 2476 n.
2212 2437 2322 2492 cap.
2356 2439 2526 2488 xxm„
2563 2421 2884 2476 Sosomeuus

563 2506 652 2559 lib.
671 2524 742 2562 ιν.
764 2523 878 2578 cap.
895 2525 945 2559 v.
975 2506 1167 2577 aliique
1198 2511 1429 2561 narrant.
1500 2505 1651 2571 Quod
1684 2507 1841 2559 iidem
1874 2506 2157 2577 contigisse
2189 2508 2371 2561 volunt
2400 2513 2524 2577 post
2554 2510 2883 2562 consulatum

564 2589 736 2662 Sergii
757 2597 812 2645 et
833 2590 1093 2663 Nigriani,
1129 2592 1221 2663 qui
1252 2598 1335 2646 est
1355 2607 1524 2647 annus
1548 2590 1739 2647 Christi
1762 2606 1939 2648 cocu.
1985 2591 2193 2655 Affuere
2214 2592 2415 2663 synodo
2437 2593 2695 2664 imprimis
2719 2594 2883 2649 orien-

563 2679 694 2731 tales
724 2678 956 2748 episcopi
976 2679 1190 2732 Marcus
1211 2676 1539 2744 Arethusius,
1573 2678 1834 2748 Georgius
1858 2678 2224 2745 Alexandriae,
2258 2678 2485 2733 Basilius
2508 2681 2747 2749 Ancyrae
2776 2680 2885 2751 qvi·

562 2763 735 2834 scopi,
756 2763 1059 2817 Pancratius
1080 2764 1295 2828 Pelusii,
1318 2764 1643 2835 Hypatianns
1667 2764 1961 2819 Heracleae.
2024 2764 2105 2817 Ex
2128 2764 2531 2818 occidentalibus
2552 2781 2678 2819 vero
2703 2765 2881 2820 eadem

559 2847 765 2902 infectis
787 2849 905 2902 labe
923 2850 1114 2903 Valens
1136 2850 1436 2904 Marsorum
1457 2850 1748 2921 episcopus,
1771 2866 1867 2904 nec
1889 2866 1999 2903 non
2021 2856 2075 2903 et
2091 2849 2245 2903 Osius
2262 2849 2612 2905 Cordubensis
2633 2851 2881 2904 ecelesiae

562 2931 844 2989 catholicae
866 2951 958 3005 per
979 2936 1071 2988 ills
1092 2940 1330 3007 tempora
1351 2937 1591 2990 columen
1604 2975 1619 3000 ,
1644 2936 1736 3006 qui
1758 2952 1820 2989 eo
1843 2935 1963 2989 licet
1982 2936 2175 2988 invitus
2198 2936 2431 2990 accessit.
2464 2934 2526 2988 In
2542 2934 2642 2989 hoe
2658 2935 2879 2989 concilio

561 3018 904 3073 condemnato
925 3018 1146 3073 Photino
1167 3021 1358 3091 triplex
1381 3020 1519 3074 edita
1539 3026 1620 3074 est
1651 3022 1719 3074 ab
1742 3020 1947 3074 Arianis
1979 3019 2103 3074 fidei
2130 3020 2378 3074 formula:
2412 3021 2583 3091 prima
2616 3019 2819 3075 Graece
2848 3036 2882 3072 a

560 3105 739 3158 Marco
771 3103 1044 3158 Arethusio
1078 3111 1353 3176 concepta,
1390 3121 1549 3175 quam
1584 3105 1825 3159 Socrates
1860 3121 1972 3176 cap.
1996 3123 2134 3171 xxv„
2168 3112 2223 3159 et
2254 3111 2376 3161 ante
2409 3121 2530 3160 eum
2561 3104 2879 3162 Athanasius

559 3189 693 3242 libro
716 3189 779 3242 de
801 3188 1027 3257 synodis
1055 3189 1250 3244 Graece
1281 3190 1535 3255 referunt,
1567 3190 1752 3243 Latine
1774 3206 1897 3244 vero
1927 3190 2157 3245 Hilarius
2180 3192 2314 3245 libro
2338 3191 2399 3245 de
2422 3191 2666 3262 synodis.
2733 3191 2879 3246 Duae

561 3274 692 3326 alias
715 3273 931 3327 Latinae
956 3281 1102 3338 sunt,
1137 3290 1358 3344 quarum
1389 3276 1560 3345 prima
1587 3291 1621 3327 a
1643 3275 1857 3328 Socrate
1881 3282 1933 3329 et
1955 3275 2237 3330 Athanasio
2259 3277 2446 3331 iisdem
2467 3277 2601 3331 locis
2618 3276 2880 3349 descripta

560 3359 865 3424 continetur,
886 3368 1225 3429 postremam,
1251 3375 1385 3429 quse
1405 3361 1462 3413 in
1479 3360 1794 3413 Ariminensi
1810 3361 2008 3430 synodo
2032 3362 2320 3416 avalenter
2337 3363 2528 3416 scitata
2540 3363 2879 3434 posmodum

560 3450 641 3497 est
672 3450 725 3497 et
755 3458 788 3497 a
809 3443 1078 3498 catholicis
1101 3445 1312 3509 reiecta,
1343 3443 1502 3498 habet
1524 3444 1763 3499 Socrates
1786 3460 1901 3516 cap.
1918 3462 2080 3512 xm„
2111 3448 2351 3502 meminit
2368 3452 2424 3501 et
2443 3447 2765 3503 Athanasius
2786 3449 2877 3504 lib.

560 3529 624 3583 de
644 3529 887 3599 synodis.
948 3529 1094 3583 Duae
1114 3531 1292 3599 itaque
1314 3535 1425 3583 tum
1447 3529 1702 3587 formulae
1724 3531 1903 3585 Sirmii
1920 3534 2280 3603 promulgatae
2300 3539 2442 3589 suut.
2511 3532 2648 3587 Nam
2671 3535 2879 3588 tertiam

557 3616 777 3669 Arimini
797 3621 981 3687 postea
1001 3616 1346 3686 publicarunt.
1413 3615 1471 3669 In
1504 3616 1687 3670 eadem
1714 3618 1914 3686 synodo
1936 3616 2164 3673 Basilius
2185 3618 2491 3688 Ancyranus
2515 3634 2634 3673 cum
2657 3619 2879 3673 Photino

558 3718 734 3755 coram
755 3702 1062 3771 imperatore
1085 3716 1394 3772 congressus
1422 3708 1527 3767 est,
1563 3702 1712 3755 cuius
1745 3703 2107 3773 disputationis
2138 3704 2453 3758 mentionem
2486 3704 2544 3757 in
2564 3702 2879 3759 Phousiana

557 3786 756 3840 haeresi
777 3786 903 3841 facit
922 3785 1256 3857 Epiphanius.
1292 3787 1482 3841 Hosius
1505 3804 1627 3841 vero
1651 3787 1740 3840 diu
1763 3804 1884 3841 cum
1906 3788 2215 3843 Arianorum
2236 3788 2456 3859 perfidia
2476 3794 2530 3842 et
2548 3789 2874 3861 imperatoris

441 3888 462 3907 ·
558 3872 858 3925 crudelitste
888 3873 1114 3926 luetstus
1149 3888 1211 3925 ac
1242 3871 1515 3926 dirissimis
1537 3874 1810 3926 tormentis
1834 3874 2257 3939 excarnfficatus,
2286 3880 2549 3946 postremo
2581 3874 2752 3928 eidem
2779 3877 2874 3929 im·

557 3958 735 4029 pietati
757 3957 1077 4028 subscripsit.
1139 3957 1438 4011 Secundum
1459 3956 1588 4011 haec
1612 3958 1946 4013 Constantius
1971 3961 2142 4013 occiso
2164 3960 2493 4030 Mag-uenus,
2517 3960 2667 4013 cuius
2688 3960 2871 4014 caedes

557 4042 861 4097 Constantio
875 4060 946 4097 vr.
969 4048 1024 4096 et
1046 4042 1196 4096 Gallo
1219 4060 1278 4097 rr.
1304 4058 1456 4108 coss„
1480 4044 1570 4114 qui
1594 4050 1674 4096 est
1696 4060 1864 4098 annus
1888 4060 2122 4110 cocum,
2146 4044 2359 4112 eccidit,
2382 4061 2443 4100 ac
2464 4046 2679 4116 reliquis
2698 4052 2869 4116 tyran·

557 4129 638 4181 nis
658 4130 953 4183 felicissime
974 4127 1282 4198 compressis
1304 4133 1396 4181 aut
1415 4128 1658 4182 extinctis
1670 4170 1684 4195 ‚
1719 4129 1868 4184 Gallo
1902 4131 2116 4200 insuper
2136 4135 2346 4197 necato,
2380 4130 2691 4185 Constantio
2704 4148 2797 4185 vri.
2818 4136 2870 4185 et

560 4212 706 4267 Gallo
729 4233 809 4268 m.
841 4230 974 4268 coss.
1009 4230 1147 4267 anno
1171 4228 1401 4278 ουσιαι,
1436 4213 1646 4267 demum
1670 4216 1948 4268 Athetione
1983 4220 2036 4268 et
2060 4214 2296 4269 Lolliano
2330 4231 2464 4272 coss.
2500 4230 2642 4270 anno
2676 4231 2863 4271 σοαπ.

553 4296 774 4352 Romam
796 4306 856 4353 ut
874 4298 1214 4368 triumpharet
1232 4298 1493 4370 profectus
1515 4299 1796 4353 Mediolani
1813 4299 2071 4368 synodum
2087 4301 2231 4370 cogit
2247 4300 2863 4357 adversusAthauasium.

555 4381 652 4436 Oui
684 4399 802 4436 cum
824 4385 1070 4437 acerrime
1101 4384 1484 4453 refragarentur
1511 4383 1752 4438 catholici
1781 4384 2035 4455 episcopi,
2066 4388 2370 4455 praesertim
2390 4386 2649 4440 Eusebius
2664 4387 2864 4442 Vercel-

553 4467 729 4532 leusis,
750 4467 1029 4537 Dionysius
1049 4468 1469 4535 Mediolanum,
1493 4469 1739 4524 Paulinus
1762 4470 2107 4535 murensis,
2138 4470 2343 4525 Lucifer
2360 4471 2708 4539 musanus,
2739 4486 2863 4527 exu-

553 4551 663 4603 lare
681 4552 814 4606 iussi
833 4560 970 4607 sunt.
1031 4553 1227 4607 Eodem
1248 4570 1386 4608 anno
1411 4561 1464 4607 et
1483 4554 1720 4609 Liberius
1742 4554 2009 4608 Romanus
2032 4556 2271 4610 Pontifex
2286 4596 2300 4623 ,
2333 4557 2425 4627 qui
2446 4557 2577 4612 Iulio
2598 4570 2862 4612 messe·

555 4640 658 4698 rat,
690 4635 828 4704 quod
851 4635 1187 4693 Athanasium
1211 4639 1554 4694 condemnare
1573 4641 1759 4705 nollet,
1791 4641 2053 4710 relegatus
2076 4646 2179 4707 est,
2212 4649 2272 4696 ut
2299 4641 2457 4698 iidem
2488 4641 2723 4699 historici
2742 4658 2857 4699 cum
