3185 5219
569 331 795 388 cccxi.

571 519 812 576 Justinus
847 526 996 574 caute
1020 521 1298 591 legendus,
1335 537 1453 575 cum
1491 521 1555 575 de
1587 522 1679 575 tri-

637 606 799 659 nitate
833 606 970 659 idem
996 622 1150 676 prope
1175 621 1295 660 cum
1315 607 1524 661 Arianis
1561 623 1682 661 sen·

637 691 735 743 tiat
1562 691 1680 747 285.

569 776 809 830 Justinus
844 776 1050 846 quando
1086 777 1274 830 vixerit
1310 784 1366 830 et
1396 778 1683 847 Apologias

638 861 900 931 scripserit
931 863 1095 932 longa
1128 870 1181 915 et
1215 869 1455 916 murata
1489 863 1684 933 disqui-

639 945 761 1000 sitio
1492 947 1576 1001 82.
1601 946 1683 1001 83.

1091 1107 1164 1169 1

570 1202 745 1272 Καββᾶ·
777 1204 902 1274 quid
926 1205 1176 1259 Hebraico
1210 1211 1263 1259 et
1285 1204 1499 1274 Syrisce
1523 1205 1685 1274 sigui-

636 1291 763 1345 ficet
1591 1290 1679 1344 45.

573 1375 874 1439 Καθοσίωσις
898 1377 1022 1447 quid
1053 1378 1123 1431 sit
1144 1377 1462 1446 amplissima
1486 1376 1678 1446 disqui-

639 1462 763 1517 sitio
1596 1461 1680 1515 78.

571 1547 778 1618 Kepleri
829 1548 1105 1619 descriptio
1151 1550 1279 1619 cycli
1349 1564 1451 1617 quo
1498 1546 1687 1601 Judaei

643 1634 925 1688 utebantur
964 1634 1074 1688 160.
1120 1641 1175 1689 et
1208 1650 1310 1704 quo
1356 1635 1409 1686 in
1454 1634 1568 1703 ejus
1604 1633 1688 1686 de-

640 1719 919 1790 scriptione
951 1719 1126 1773 minus
1159 1719 1398 1789 placeant
1577 1717 1690 1770 161.

573 1803 843 1874 Kippurim
869 1804 1063 1881 festum
1087 1804 1445 1874 expiationum
1482 1803 1692 1874 quando

639 1890 999 1943 celebrabatur
1033 1889 1294 1942 aJudaeis
1609 1888 1691 1942 26.

584 1969 754 2027 Kobe&
787 1974 913 2046 quid
946 1975 1016 2028 sit
1049 1976 1233 2045 lingua
1267 1975 1524 2030 Hebraica
1612 1974 1697 2027 45.

1088 2133 1152 2195 1..

574 2229 746 2284 Labar
781 2235 834 2283 et
867 2228 1127 2284 Labarum
1644 2231 1697 2298 5,

573 2314 828 2370 Laodicea
840 2315 1141 2370 Antiochiae
1159 2332 1252 2370 cur
1270 2317 1557 2387 appelletur
1580 2316 1697 2371 306.

574 2401 747 2455 Laura
784 2418 875 2472 pro
909 2401 1058 2455 labra
1080 2402 1362 2471 legendum
1394 2403 1450 2456 in
1474 2403 1696 2474 Epipha-

641 2486 730 2540 nio
769 2493 821 2540 et
855 2487 979 2558 quid
1014 2491 1083 2541 sit
1116 2487 1288 2541 Laura
1440 2487 1555 2543 282.
1578 2488 1694 2541 283.

575 2571 909 2628 Laterculum
953 2573 1366 2640 noviluniorum‚
1419 2589 1481 2627 ac
1534 2575 1695 2645 pleni·

643 2660 908 2714 iuniorum
944 2666 1043 2712 etc.
1583 2661 1692 2714 149.

578 2744 908 2799 Laterculum
936 2746 1359 2799 descendentium
1385 2760 1417 2798 a
1435 2745 1559 2799 Levi
1578 2745 1693 2801 218.

575 2830 906 2885 Laterculum
960 2832 1221 2884 meusium
1281 2832 1566 2885 Atticorum
1623 2847 1689 2884 ex

644 2915 787 2970 Gaza
828 2925 881 2969 et
899 2916 1165 2984 Scaligero

574 3001 907 3055 Laterculum
955 3002 1215 3054 mensium
1250 3001 1690 3055 Antiochenorum

642 3088 751 3140 sive
786 3085 1138 3156 Συροελλήνων
1578 3087 1690 3141 132.

573 3172 884 3242 Legisperiti
919 3171 1008 3241 qui
1030 3170 1167 3241 apud
1191 3171 1418 3226 Judaeos
1461 3171 1689 3225 diceren-

642 3265 727 3311 tur
1604 3256 1685 3309 29.

573 3340 761 3412 Leptes
805 3341 1048 3411 geminae
1091 3342 1147 3394 in
1196 3342 1370 3395 Africa
1413 3350 1464 3396 et
1508 3358 1689 3396 earum

642 3428 905 3481 distinctio
1568 3429 1687 3482 271.

574 3514 785 3591 Levitae
821 3512 1138 3566 decimarum
1171 3513 1399 3567 decimas
1434 3515 1690 3584 persolve-

644 3600 771 3652 bant
1604 3599 1688 3653 33.

575 3684 767 3739 Liberii
800 3685 1042 3754 purgatio
1080 3701 1185 3755 qua
1218 3684 1506 3740 ostenditur
1539 3685 1688 3740 illum

641 3785 748 3824 non
766 3770 1137 3840 subscripsisse
1156 3769 1427 3824 Athanasii
1444 3771 1687 3825 condem-

642 3856 843 3909 nationi
875 3872 1045 3926 neque
1091 3872 1207 3909 cum
1243 3855 1511 3911 Photianis
1547 3873 1689 3910 com·

640 3942 940 3995 municasse
1568 3941 1687 3996 316.

573 4026 848 4081 Librorum
895 4042 1158 4081 sacrorum
1205 4027 1413 4098 partitio
1459 4043 1525 4080 ex
1573 4027 1688 4097 Epi-

641 4112 833 4182 phanio
1602 4114 1687 4166 54.

575 4197 848 4251 Librorum
873 4214 1122 4251 numerus
1148 4198 1284 4269 apud
1307 4197 1534 4251 Judaeos
1559 4215 1686 4268 quo·

643 4284 798 4338 modo
833 4290 1159 4354 computetur
1607 4282 1685 4336 18.

574 4369 895 4439 Linguarum
947 4369 1210 4423 distinctio
1255 4370 1307 4422 in
1354 4371 1689 4440 septuaginta

644 4453 775 4507 duas
811 4463 861 4507 et
897 4455 1030 4507 uude

577 4537 693 4591 Lini
730 4546 782 4590 et
805 4539 934 4593 Cleti
959 4539 1096 4594 Petri
1128 4554 1490 4594 successorum
1525 4540 1685 4594 histo-

1582 2916 1689 2970 135.
1726 2982 1727 2985 Ν

1848 508 2228 561 successionem
2244 508 2497 580 dirempta
2510 509 2611 574 47„
2634 510 2897 566 acexinde

1850 594 2193 646 dinumeratio
2218 594 2521 664 pontificum
2542 594 2895 649 Romanorum

1850 694 1885 730 a
1917 678 2070 732 Petro
2813 681 2894 735 48-

1784 763 1952 817 Lucas
1986 780 2054 817 au
2092 765 2422 834 evangelium
2458 766 2514 819 in
2547 765 2723 820 Gallia
2756 782 2891 836 prae-

1854 850 2101 903 dicaverit
2818 854 2898 907 90.

1787 935 1957 989 Lucae
1993 936 2323 1005 evangelium
2372 944 2500 1007 quot
2530 952 2792 992 annorum
2825 937 2897 993 hi·

1856 1024 2070 1076 storiam
2107 1022 2371 1091 scripserit
2818 1023 2898 1078 88.

1787 1109 1852 1162 de
1888 1108 2059 1162 Lucae
2095 1110 2214 1162 loco
2250 1124 2388 1161 nova
2431 1109 2693 1178 quaedam
2729 1112 2900 1181 conje-

1855 1202 2003 1247 ctura
2038 1196 2341 1265 proponitur
2814 1197 2899 1252 111.

1788 1281 1957 1335 Lucae
1982 1283 2128 1336 locus
2152 1282 2461 1352 expenditur
2484 1281 2548 1336 de
2571 1289 2743 1337 aetate
2760 1284 2900 1338 Chri·

1854 1369 1923 1421 sti
2784 1369 2890 1424 108.

1789 1453 2051 1507 Lucernae
2101 1454 2339 1508 ardentes
2388 1455 2442 1508 in
2488 1456 2683 1527 temple
2726 1456 2811 1509 die
2852 1461 2903 1509 et

1856 1547 2036 1602 nocte,
2072 1540 2136 1593 de
2173 1556 2234 1594 eo
2271 1540 2564 1611 disquisitio
2646 1541 2763 1595 272.
2789 1541 2900 1596 273.

1790 1625 2057 1680 Lunarum
2109 1642 2171 1679 ac
2213 1626 2460 1680 feriarum
2512 1636 2621 1681 tam
2667 1644 2902 1682 verarum

1863 1728 2018 1782 quam
2074 1713 2377 1766 vitiosarum
2434 1729 2572 1767 anno
2619 1713 2903 1768 dominicae

1860 1798 2122 1867 passionis
2800 1797 2904 1854 173.

1798 2054 2099 2109 Maccabaei
2143 2071 2211 2109 an
2266 2055 2461 2109 fuerint
2512 2056 2613 2110 orti
2655 2071 2724 2110 ex
2769 2057 2906 2110 tribu

1864 2141 2003 2194 Juda
2825 2142 2909 2196 50.

1799 2228 2078 2297 Magorum
2114 2226 2364 2280 adventus
2401 2233 2559 2298 quoto
2602 2243 2744 2281 anno
2778 2228 2905 2283 exti-

1866 2315 1987 2366 terit
2018 2320 2139 2384 post
2171 2313 2434 2367 Christum
2467 2320 2650 2367 natum
2826 2313 2906 2368 89.

1802 2400 2037 2453 Mambre
2082 2415 2305 2469 quercus
2340 2415 2504 2469 quam.
2532 2399 2750 2454 celebris
2786 2400 2907 2454 olim

1863 2485 2022 2538 fuerit
2825 2484 2907 2541 37.

1798 2569 2225 2626 Manichaeorum
2260 2570 2409 2641 origo
2453 2576 2507 2623 et
2541 2586 2645 2641 quo
2679 2577 2908 2645 tempere

1867 2657 2093 2710 haeresis
2103 2657 2309 2710 illorum
2334 2658 2603 2711 emerserit
2622 2656 2740 2712 267.
2764 2663 2906 2711 auto·

1864 2759 1948 2794 res
1993 2743 2083 2812 qui
2126 2742 2181 2795 in
2227 2758 2407 2796 eorum
2450 2748 2647 2796 sectam
2694 2744 2907 2813 scripse·

1868 2834 1990 2881 runt
2020 2834 2255 2880 recenset
2290 2827 2645 2881 ‘theodoretus
2793 2827 2905 2882 268.

1794 2913 1989 2966 Manna
2025 2929 2179 2982 quem
2218 2920 2430 2982 gustum
2463 2911 2709 2968 habuerit
2824 2913 2906 2969 59.

1795 2998 2026 3052 Marcelli
2073 2996 2318 3052 haeretici
2366 2998 2572 3053 libellus
2617 2998 2683 3052 de
2712 2999 2906 3069 profes-

1861 3085 2007 3137 sione
2051 3099 2179 3137 suae
2222 3084 2345 3138 fidei
2380 3092 2434 3137 et
2466 3084 2529 3137 de
2562 3100 2627 3138 ea
2659 3085 2906 3139 iudicium

1860 3169 2077 3223 Baronii
2793 3169 2906 3225 304.

1796 3256 2027 3309 Marcion
2076 3255 2221 3325 cujas
2267 3255 2422 3309 fuerit
2454 3262 2508 3310 et
2540 3271 2610 3310 an
2643 3257 2794 3327 lycus
2826 3258 2906 3311 vel

1862 3342 2015 3411 lupus
2049 3348 2266 3395 vocatus
2825 3343 2905 3398 77.

1795 3428 1992 3481 Mariae
2028 3428 2248 3496 virginis
2280 3428 2523 3482 invocato
2547 3429 2761 3483 nomine
2793 3429 2907 3484 dae-

1862 3529 2046 3567 mones
2081 3513 2253 3583 fugati
2827 3514 2906 3571 57.

1797 3599 1994 3652 Mariae
2030 3600 2247 3668 virginis
2281 3606 2462 3670 partus
2498 3613 2656 3671 quam
2693 3608 2811 3671 apte
2844 3600 2907 3655 ad

1862 3685 2145 3753 spiritalem
2183 3685 2448 3739 Ecclesiae
2480 3691 2687 3755 partum
2722 3688 2906 3741 refen-

1863 3777 1947 3823 tur
2825 3771 2905 3826 59.

1793 3855 2241 3908 Marcosianarum
2280 3870 2465 3909 vocum
2496 3870 2632 3926 quae
2656 3856 2905 3910 barbarae

1860 3939 2098 4012 videntur
2130 3941 2487 4011 interpretatio
2716 3942 2801 3997 74.
2823 3941 2900 3996 75.

1790 4027 1999 4079 Marcus
2046 4043 2073 4079 e
2120 4027 2455 4096 septuaginta
2501 4026 2724 4081 duorum
2760 4027 2905 4081 disci·

1856 4113 2097 4180 pulorum
2132 4128 2349 4165 numero
2384 4111 2484 4164 fuit
2826 4112 2906 4166 88.

1790 4197 1953 4250 Marci
1989 4198 2319 4268 evangelium
2357 4198 2447 4251 ubi
2481 4198 2732 4269 scriptum
2757 4206 2810 4254 et
2842 4214 2904 4252 an

1823 4282 1967 4335 iussu
2003 4283 2141 4337 Petri
2820 4284 2899 4339 88.

1789 4369 2251 4438 Mariandyuomm
2286 4370 2430 4440 regio
2466 4371 2559 4424 ubi
2592 4371 2664 4423 sit
2830 4371 2909 4424 70.

1561 4457 1612 4510 6.
1635 4457 1685 4512 7.
1786 4454 2097 4509 Massaliani
2152 4455 2342 4525 quibus
2385 4462 2696 4509 vocarentur
2739 4456 2901 4510 nemi·

1853 4540 2008 4593 nibus
2043 4539 2161 4596 334.
2185 4541 2378 4612 duplex
2414 4558 2595 4596 eorum
2629 4557 2801 4613 genus
2835 4543 2902 4595 ib.

643 4624 747 4687 ria,
808 4632 856 4676 et
906 4625 1256 4678 controversia
1311 4626 1447 4678 circa
1501 4643 1682 4679 eorum
1786 4624 2135 4681 Methusalem
2181 4632 2311 4698 quot
2344 4644 2510 4683 annos
2543 4629 2737 4683 vixerit
2820 4629 2899 4684 45.
