<?xml version="1.0" encoding="UTF-8"?>
<!DOCTYPE html PUBLIC "-//W3C//DTD XHTML 1.0 Transitional//EN"
    "http://www.w3.org/TR/xhtml1/DTD/xhtml1-transitional.dtd">
<html xmlns="http://www.w3.org/1999/xhtml" xml:lang="en" lang="en">
 <head>
  <title>
</title>
<meta http-equiv="Content-Type" content="text/html;charset=utf-8" />
  <meta name='ocr-system' content='tesseract 3.04.00' />
  <meta name='ocr-capabilities' content='ocr_page ocr_carea ocr_par ocr_line ocrx_word'/>
</head>
<body>
  <div class='ocr_page' id='page_1' title='image "./corporishaerese06oehlgoog_0143.png"; bbox 0 0 3185 5219; ppageno 0'>
   <div class='ocr_carea' id='block_1_1' title="bbox 1756 0 2703 2">
    <p class='ocr_par' dir='ltr' id='par_1_1' title="bbox 1756 0 2703 2">
     <span class='ocr_line' id='line_1_1' title="bbox 1756 0 2703 2; baseline 0 0"><span class='ocrx_word' id='word_1_1' title='bbox 1756 0 2703 2; x_wconf 95' lang='lat' dir='ltr'><strong> </strong></span> 
     </span>
    </p>
   </div>
   <div class='ocr_carea' id='block_1_2' title="bbox 2344 392 2596 448">
    <p class='ocr_par' dir='ltr' id='par_1_2' title="bbox 2344 392 2596 448">
     <span class='ocr_line' id='line_1_2' title="bbox 2344 392 2596 448; baseline 0 0"><span class='ocrx_word' id='word_1_2' title='bbox 2344 392 2596 448; x_wconf 79' lang='lat' dir='ltr'><strong>cmv</strong></span> 
     </span>
    </p>
   </div>
   <div class='ocr_carea' id='block_1_3' title="bbox 254 545 2602 1893">
    <p class='ocr_par' dir='ltr' id='par_1_3' title="bbox 254 545 2598 1139">
     <span class='ocr_line' id='line_1_3' title="bbox 256 545 2598 621; baseline -0 -16"><span class='ocrx_word' id='word_1_3' title='bbox 256 549 638 621; x_wconf 59' lang='lat' dir='ltr'><strong>Dmaysianam</strong></span> <span class='ocrx_word' id='word_1_4' title='bbox 678 548 932 621; x_wconf 71' lang='lat' dir='ltr'><strong>epocham</strong></span> <span class='ocrx_word' id='word_1_5' title='bbox 970 548 1271 606; x_wconf 77' lang='lat' dir='ltr'><strong>summovit.</strong></span> <span class='ocrx_word' id='word_1_6' title='bbox 1340 545 1448 603; x_wconf 83' lang='lat' dir='ltr'><strong>Sed</strong></span> <span class='ocrx_word' id='word_1_7' title='bbox 1481 549 1574 619; x_wconf 87' lang='lat' dir='ltr'><strong>qui</strong></span> <span class='ocrx_word' id='word_1_8' title='bbox 1605 564 1794 602; x_wconf 74' lang='lat' dir='ltr'><strong>xum.</strong></span> <span class='ocrx_word' id='word_1_9' title='bbox 1828 563 1966 602; x_wconf 82' lang='lat' dir='ltr'><strong>anno</strong></span> <span class='ocrx_word' id='word_1_10' title='bbox 2007 563 2225 619; x_wconf 83' lang='lat' dir='ltr'><strong>passum</strong></span> <span class='ocrx_word' id='word_1_11' title='bbox 2265 565 2382 603; x_wconf 85' lang='lat' dir='ltr'><strong>esse</strong></span> <span class='ocrx_word' id='word_1_12' title='bbox 2415 549 2598 605; x_wconf 79' lang='lat' dir='ltr'><strong>volunt</strong></span> 
     </span>
     <span class='ocr_line' id='line_1_4' title="bbox 257 633 2596 707; baseline -0.001 -17"><span class='ocrx_word' id='word_1_13' title='bbox 257 635 521 691; x_wconf 75' lang='lat' dir='ltr'><strong>Christum</strong></span> <span class='ocrx_word' id='word_1_14' title='bbox 544 636 738 707; x_wconf 75' lang='lat' dir='ltr'><strong>Aprilis</strong></span> <span class='ocrx_word' id='word_1_15' title='bbox 762 654 870 700; x_wconf 67' lang='lat' dir='ltr'><strong>m„</strong></span> <span class='ocrx_word' id='word_1_16' title='bbox 906 634 960 689; x_wconf 83' lang='lat' dir='ltr'><strong>bi</strong></span> <span class='ocrx_word' id='word_1_17' title='bbox 990 636 1117 689; x_wconf 87' lang='lat' dir='ltr'><strong>luna</strong></span> <span class='ocrx_word' id='word_1_18' title='bbox 1140 653 1225 690; x_wconf 78' lang='lat' dir='ltr'><strong>xv.</strong></span> <span class='ocrx_word' id='word_1_19' title='bbox 1262 634 1315 687; x_wconf 84' lang='lat' dir='ltr'><strong>id</strong></span> <span class='ocrx_word' id='word_1_20' title='bbox 1348 633 1601 688; x_wconf 79' lang='lat' dir='ltr'><strong>accidisse</strong></span> <span class='ocrx_word' id='word_1_21' title='bbox 1633 639 1863 688; x_wconf 80' lang='lat' dir='ltr'><strong>censent.</strong></span> <span class='ocrx_word' id='word_1_22' title='bbox 1930 633 2123 688; x_wconf 87' lang='lat' dir='ltr'><strong>Paulus</strong></span> <span class='ocrx_word' id='word_1_23' title='bbox 2157 651 2280 690; x_wconf 84' lang='lat' dir='ltr'><strong>vero</strong></span> <span class='ocrx_word' id='word_1_24' title='bbox 2314 637 2440 689; x_wconf 88' lang='lat' dir='ltr'><strong>luna</strong></span> <span class='ocrx_word' id='word_1_25' title='bbox 2473 653 2596 700; x_wconf 67' lang='lat' dir='ltr'><strong>xiv„</strong></span> 
     </span>
     <span class='ocr_line' id='line_1_5' title="bbox 255 719 2594 793; baseline -0 -17"><span class='ocrx_word' id='word_1_26' title='bbox 255 739 347 777; x_wconf 72' lang='lat' dir='ltr'><strong>me</strong></span> <span class='ocrx_word' id='word_1_27' title='bbox 369 722 426 775; x_wconf 88' lang='lat' dir='ltr'><strong>in</strong></span> <span class='ocrx_word' id='word_1_28' title='bbox 448 722 573 793; x_wconf 85' lang='lat' dir='ltr'><strong>ipse</strong></span> <span class='ocrx_word' id='word_1_29' title='bbox 592 719 869 792; x_wconf 72' lang='lat' dir='ltr'><strong>paschate,</strong></span> <span class='ocrx_word' id='word_1_30' title='bbox 894 720 1003 774; x_wconf 80' lang='lat' dir='ltr'><strong>sive</strong></span> <span class='ocrx_word' id='word_1_31' title='bbox 1024 721 1194 791; x_wconf 85' lang='lat' dir='ltr'><strong>primo</strong></span> <span class='ocrx_word' id='word_1_32' title='bbox 1218 720 1300 774; x_wconf 89' lang='lat' dir='ltr'><strong>die</strong></span> <span class='ocrx_word' id='word_1_33' title='bbox 1324 734 1657 789; x_wconf 68' lang='lat' dir='ltr'><strong>azymorum,</strong></span> <span class='ocrx_word' id='word_1_34' title='bbox 1682 719 1775 772; x_wconf 89' lang='lat' dir='ltr'><strong>sed</strong></span> <span class='ocrx_word' id='word_1_35' title='bbox 1798 719 1962 789; x_wconf 82' lang='lat' dir='ltr'>pridie</span> <span class='ocrx_word' id='word_1_36' title='bbox 1976 760 1990 785; x_wconf 93' lang='lat'><strong>,</strong></span> <span class='ocrx_word' id='word_1_37' title='bbox 2013 720 2256 773; x_wconf 82' lang='lat' dir='ltr'><strong>videlicet</strong></span> <span class='ocrx_word' id='word_1_38' title='bbox 2277 722 2453 774; x_wconf 81' lang='lat' dir='ltr'><strong>Martii</strong></span> <span class='ocrx_word' id='word_1_39' title='bbox 2471 740 2594 776; x_wconf 79' lang='lat' dir='ltr'><strong>xxx.</strong></span> 
     </span>
     <span class='ocr_line' id='line_1_6' title="bbox 254 803 2597 877; baseline -0.002 -15"><span class='ocrx_word' id='word_1_40' title='bbox 254 808 321 862; x_wconf 75' lang='lat' dir='ltr'><strong>At</strong></span> <span class='ocrx_word' id='word_1_41' title='bbox 349 806 522 862; x_wconf 79' lang='lat' dir='ltr'><strong>Lucas</strong></span> <span class='ocrx_word' id='word_1_42' title='bbox 558 806 840 873; x_wconf 87' lang='lat' dir='ltr'><strong>Gauricus,</strong></span> <span class='ocrx_word' id='word_1_43' title='bbox 874 823 1099 877; x_wconf 89' lang='lat' dir='ltr'><strong>eumque</strong></span> <span class='ocrx_word' id='word_1_44' title='bbox 1132 811 1345 859; x_wconf 82' lang='lat' dir='ltr'><strong>secutus</strong></span> <span class='ocrx_word' id='word_1_45' title='bbox 1380 803 1655 870; x_wconf 78' lang='lat' dir='ltr'><strong>Onut&#39;rius,</strong></span> <span class='ocrx_word' id='word_1_46' title='bbox 1689 821 1827 858; x_wconf 88' lang='lat' dir='ltr'><strong>anno</strong></span> <span class='ocrx_word' id='word_1_47' title='bbox 1850 822 2031 859; x_wconf 77' lang='lat' dir='ltr'><strong>xxxiv.</strong></span> <span class='ocrx_word' id='word_1_48' title='bbox 2067 821 2284 875; x_wconf 88' lang='lat' dir='ltr'><strong>passum</strong></span> <span class='ocrx_word' id='word_1_49' title='bbox 2320 807 2597 871; x_wconf 81' lang='lat' dir='ltr'><strong>affirmant,</strong></span> 
     </span>
     <span class='ocr_line' id='line_1_7' title="bbox 255 891 2598 964; baseline -0.001 -16"><span class='ocrx_word' id='word_1_50' title='bbox 255 911 361 948; x_wconf 75' lang='lat' dir='ltr'><strong>non</strong></span> <span class='ocrx_word' id='word_1_51' title='bbox 384 892 600 964; x_wconf 85' lang='lat' dir='ltr'><strong>quidem</strong></span> <span class='ocrx_word' id='word_1_52' title='bbox 620 893 749 948; x_wconf 89' lang='lat' dir='ltr'><strong>luna</strong></span> <span class='ocrx_word' id='word_1_53' title='bbox 767 911 853 948; x_wconf 79' lang='lat' dir='ltr'><strong>xv.</strong></span> <span class='ocrx_word' id='word_1_54' title='bbox 866 932 881 957; x_wconf 92' lang='lat'><strong>‚</strong></span> <span class='ocrx_word' id='word_1_55' title='bbox 905 892 998 948; x_wconf 81' lang='lat' dir='ltr'><strong>sed</strong></span> <span class='ocrx_word' id='word_1_56' title='bbox 1016 910 1164 946; x_wconf 78' lang='lat' dir='ltr'><strong>xvm.</strong></span> <span class='ocrx_word' id='word_1_57' title='bbox 1183 891 1384 955; x_wconf 71' lang='lat' dir='ltr'><strong>Martii3</strong></span> <span class='ocrx_word' id='word_1_58' title='bbox 1409 891 1662 961; x_wconf 84' lang='lat' dir='ltr'><strong>quoniam</strong></span> <span class='ocrx_word' id='word_1_59' title='bbox 1683 891 1905 944; x_wconf 85' lang='lat' dir='ltr'><strong>Iudaeos</strong></span> <span class='ocrx_word' id='word_1_60' title='bbox 1928 892 2245 946; x_wconf 88' lang='lat' dir='ltr'><strong>arbitrantur</strong></span> <span class='ocrx_word' id='word_1_61' title='bbox 2268 909 2373 944; x_wconf 93' lang='lat' dir='ltr'><strong>non</strong></span> <span class='ocrx_word' id='word_1_62' title='bbox 2397 909 2430 945; x_wconf 88' lang='lat' dir='ltr'><strong>a</strong></span> <span class='ocrx_word' id='word_1_63' title='bbox 2452 894 2598 945; x_wconf 76' lang='lat' dir='ltr'><strong>novi-</strong></span> 
     </span>
     <span class='ocr_line' id='line_1_8' title="bbox 255 975 2598 1048; baseline -0 -15"><span class='ocrx_word' id='word_1_64' title='bbox 255 980 425 1044; x_wconf 81' lang='lat' dir='ltr'><strong>lunio,</strong></span> <span class='ocrx_word' id='word_1_65' title='bbox 448 979 547 1034; x_wconf 87' lang='lat' dir='ltr'><strong>sed</strong></span> <span class='ocrx_word' id='word_1_66' title='bbox 569 994 603 1032; x_wconf 97' lang='lat' dir='ltr'><strong>a</strong></span> <span class='ocrx_word' id='word_1_67' title='bbox 624 979 947 1033; x_wconf 85' lang='lat' dir='ltr'><strong>corniculata</strong></span> <span class='ocrx_word' id='word_1_68' title='bbox 968 977 1146 1048; x_wconf 80' lang='lat' dir='ltr'><strong>effigie</strong></span> <span class='ocrx_word' id='word_1_69' title='bbox 1167 977 1472 1032; x_wconf 85' lang='lat' dir='ltr'><strong>neomenias</strong></span> <span class='ocrx_word' id='word_1_70' title='bbox 1496 977 1796 1048; x_wconf 72' lang='lat' dir='ltr'><strong>auspicatos</strong></span> <span class='ocrx_word' id='word_1_71' title='bbox 1820 993 1954 1033; x_wconf 86' lang='lat' dir='ltr'><strong>esse.</strong></span> <span class='ocrx_word' id='word_1_72' title='bbox 1992 975 2163 1040; x_wconf 87' lang='lat' dir='ltr'><strong>Quam</strong></span> <span class='ocrx_word' id='word_1_73' title='bbox 2180 995 2278 1031; x_wconf 84' lang='lat' dir='ltr'><strong>nos</strong></span> <span class='ocrx_word' id='word_1_74' title='bbox 2299 978 2598 1048; x_wconf 82' lang='lat' dir='ltr'>opinionem</span> 
     </span>
     <span class='ocr_line' id='line_1_9' title="bbox 258 1065 963 1139; baseline -0.004 -19"><span class='ocrx_word' id='word_1_75' title='bbox 258 1065 595 1139; x_wconf 81' lang='lat' dir='ltr'><strong>postmodum</strong></span> <span class='ocrx_word' id='word_1_76' title='bbox 616 1065 963 1120; x_wconf 80' lang='lat' dir='ltr'><strong>excutiemus.</strong></span> 
     </span>
    </p>

    <p class='ocr_par' dir='ltr' id='par_1_4' title="bbox 256 1148 2602 1893">
     <span class='ocr_line' id='line_1_10' title="bbox 389 1148 2599 1222; baseline -0.001 -16"><span class='ocrx_word' id='word_1_77' title='bbox 389 1150 531 1207; x_wconf 84' lang='lat' dir='ltr'><strong>Nam</strong></span> <span class='ocrx_word' id='word_1_78' title='bbox 558 1150 693 1206; x_wconf 83' lang='lat' dir='ltr'><strong>illud</strong></span> <span class='ocrx_word' id='word_1_79' title='bbox 723 1152 893 1221; x_wconf 88' lang='lat' dir='ltr'><strong>primo</strong></span> <span class='ocrx_word' id='word_1_80' title='bbox 911 1149 1193 1204; x_wconf 75' lang='lat' dir='ltr'><strong>videndum</strong></span> <span class='ocrx_word' id='word_1_81' title='bbox 1224 1148 1378 1203; x_wconf 88' lang='lat' dir='ltr'><strong>nobis</strong></span> <span class='ocrx_word' id='word_1_82' title='bbox 1410 1154 1492 1202; x_wconf 87' lang='lat' dir='ltr'><strong>est</strong></span> <span class='ocrx_word' id='word_1_83' title='bbox 1523 1164 1660 1219; x_wconf 88' lang='lat' dir='ltr'><strong>quae</strong></span> <span class='ocrx_word' id='word_1_84' title='bbox 1689 1148 1846 1202; x_wconf 79' lang='lat' dir='ltr'><strong>fuerit</strong></span> <span class='ocrx_word' id='word_1_85' title='bbox 1877 1149 2199 1222; x_wconf 81' lang='lat' dir='ltr'><strong>temporibus</strong></span> <span class='ocrx_word' id='word_1_86' title='bbox 2228 1149 2331 1202; x_wconf 87' lang='lat' dir='ltr'><strong>illis</strong></span> <span class='ocrx_word' id='word_1_87' title='bbox 2355 1151 2494 1220; x_wconf 85' lang='lat' dir='ltr'><strong>apud</strong></span> <span class='ocrx_word' id='word_1_88' title='bbox 2517 1151 2599 1204; x_wconf 89' lang='lat' dir='ltr'><strong>Iu-</strong></span> 
     </span>
     <span class='ocr_line' id='line_1_11' title="bbox 257 1233 2600 1318; baseline -0.002 -25"><span class='ocrx_word' id='word_1_89' title='bbox 257 1238 415 1293; x_wconf 87' lang='lat' dir='ltr'><strong>daeos</strong></span> <span class='ocrx_word' id='word_1_90' title='bbox 439 1237 568 1291; x_wconf 89' lang='lat' dir='ltr'><strong>anni</strong></span> <span class='ocrx_word' id='word_1_91' title='bbox 589 1237 740 1293; x_wconf 82' lang='lat' dir='ltr'><strong>ratio.</strong></span> <span class='ocrx_word' id='word_1_92' title='bbox 789 1236 938 1301; x_wconf 86' lang='lat' dir='ltr'><strong>Quod</strong></span> <span class='ocrx_word' id='word_1_93' title='bbox 966 1236 1043 1290; x_wconf 89' lang='lat' dir='ltr'><strong>illi</strong></span> <span class='ocrx_word' id='word_1_94' title='bbox 1065 1252 1131 1290; x_wconf 93' lang='lat' dir='ltr'><strong>ne</strong></span> <span class='ocrx_word' id='word_1_95' title='bbox 1154 1234 1524 1306; x_wconf 88' lang='lat' dir='ltr'><strong>inquirendum</strong></span> <span class='ocrx_word' id='word_1_96' title='bbox 1546 1235 1756 1305; x_wconf 85' lang='lat' dir='ltr'><strong>quidem</strong></span> <span class='ocrx_word' id='word_1_97' title='bbox 1782 1233 1981 1306; x_wconf 85' lang='lat' dir='ltr'><strong>opinati</strong></span> <span class='ocrx_word' id='word_1_98' title='bbox 2004 1241 2128 1289; x_wconf 84' lang='lat' dir='ltr'><strong>sunt</strong></span> <span class='ocrx_word' id='word_1_99' title='bbox 2149 1234 2339 1318; x_wconf 73' lang='lat' dir='ltr'><strong>quibus</strong></span> <span class='ocrx_word' id='word_1_100' title='bbox 2363 1237 2600 1306; x_wconf 82' lang='lat' dir='ltr'><strong>explora·</strong></span> 
     </span>
     <span class='ocr_line' id='line_1_12' title="bbox 257 1319 2598 1380; baseline -0.002 -2"><span class='ocrx_word' id='word_1_101' title='bbox 257 1325 523 1380; x_wconf 80' lang='lat' dir='ltr'><strong>tissimum</strong></span> <span class='ocrx_word' id='word_1_102' title='bbox 545 1328 659 1377; x_wconf 87' lang='lat' dir='ltr'><strong>erat</strong></span> <span class='ocrx_word' id='word_1_103' title='bbox 679 1321 899 1376; x_wconf 84' lang='lat' dir='ltr'><strong>Iudaeos</strong></span> <span class='ocrx_word' id='word_1_104' title='bbox 924 1321 993 1375; x_wconf 83' lang='lat' dir='ltr'><strong>ad</strong></span> <span class='ocrx_word' id='word_1_105' title='bbox 1014 1337 1170 1376; x_wconf 87' lang='lat' dir='ltr'><strong>usum</strong></span> <span class='ocrx_word' id='word_1_106' title='bbox 1190 1321 1445 1375; x_wconf 79' lang='lat' dir='ltr'><strong>festorum</strong></span> <span class='ocrx_word' id='word_1_107' title='bbox 1469 1336 1531 1374; x_wconf 87' lang='lat' dir='ltr'><strong>ac</strong></span> <span class='ocrx_word' id='word_1_108' title='bbox 1554 1320 1851 1376; x_wconf 77' lang='lat' dir='ltr'><strong>solennium</strong></span> <span class='ocrx_word' id='word_1_109' title='bbox 1884 1319 2084 1373; x_wconf 82' lang='lat' dir='ltr'><strong>medios</strong></span> <span class='ocrx_word' id='word_1_110' title='bbox 2116 1321 2271 1375; x_wconf 88' lang='lat' dir='ltr'><strong>lunae</strong></span> <span class='ocrx_word' id='word_1_111' title='bbox 2305 1328 2478 1374; x_wconf 81' lang='lat' dir='ltr'><strong>motus</strong></span> <span class='ocrx_word' id='word_1_112' title='bbox 2511 1320 2598 1374; x_wconf 87' lang='lat' dir='ltr'><strong>ad-</strong></span> 
     </span>
     <span class='ocr_line' id='line_1_13' title="bbox 258 1405 2600 1479; baseline -0.002 -15"><span class='ocrx_word' id='word_1_113' title='bbox 258 1409 516 1474; x_wconf 81' lang='lat' dir='ltr'><strong>hibuisse3</strong></span> <span class='ocrx_word' id='word_1_114' title='bbox 549 1409 637 1468; x_wconf 65' lang='lat' dir='ltr'><strong>ita,</strong></span> <span class='ocrx_word' id='word_1_115' title='bbox 658 1414 718 1461; x_wconf 87' lang='lat' dir='ltr'><strong>ut</strong></span> <span class='ocrx_word' id='word_1_116' title='bbox 746 1405 940 1479; x_wconf 83' lang='lat' dir='ltr'><strong>pascha</strong></span> <span class='ocrx_word' id='word_1_117' title='bbox 971 1408 1101 1461; x_wconf 82' lang='lat' dir='ltr'><strong>luna</strong></span> <span class='ocrx_word' id='word_1_118' title='bbox 1122 1424 1233 1462; x_wconf 78' lang='lat' dir='ltr'><strong>xxv.</strong></span> <span class='ocrx_word' id='word_1_119' title='bbox 1257 1407 1325 1459; x_wconf 85' lang='lat' dir='ltr'><strong>ad</strong></span> <span class='ocrx_word' id='word_1_120' title='bbox 1346 1421 1625 1477; x_wconf 63' lang='lat' dir='ltr'><strong>vesperam</strong></span> <span class='ocrx_word' id='word_1_121' title='bbox 1645 1411 1997 1478; x_wconf 73' lang='lat' dir='ltr'><strong>perageretur,</strong></span> <span class='ocrx_word' id='word_1_122' title='bbox 2031 1423 2129 1459; x_wconf 83' lang='lat' dir='ltr'><strong>neo</strong></span> <span class='ocrx_word' id='word_1_123' title='bbox 2164 1407 2268 1460; x_wconf 82' lang='lat' dir='ltr'><strong>alio</strong></span> <span class='ocrx_word' id='word_1_124' title='bbox 2293 1405 2344 1459; x_wconf 88' lang='lat' dir='ltr'><strong>id</strong></span> <span class='ocrx_word' id='word_1_125' title='bbox 2367 1413 2600 1476; x_wconf 88' lang='lat' dir='ltr'><strong>tempore</strong></span> 
     </span>
     <span class='ocr_line' id='line_1_14' title="bbox 258 1491 2597 1560; baseline -0.003 -10"><span class='ocrx_word' id='word_1_126' title='bbox 258 1495 508 1550; x_wconf 86' lang='lat' dir='ltr'><strong>celebrari</strong></span> <span class='ocrx_word' id='word_1_127' title='bbox 528 1494 610 1548; x_wconf 74' lang='lat' dir='ltr'><strong>sae</strong></span> <span class='ocrx_word' id='word_1_128' title='bbox 635 1499 797 1558; x_wconf 80' lang='lat' dir='ltr'><strong>esset,</strong></span> <span class='ocrx_word' id='word_1_129' title='bbox 831 1498 890 1547; x_wconf 86' lang='lat' dir='ltr'><strong>ut</strong></span> <span class='ocrx_word' id='word_1_130' title='bbox 921 1493 977 1547; x_wconf 88' lang='lat' dir='ltr'><strong>in</strong></span> <span class='ocrx_word' id='word_1_131' title='bbox 1000 1492 1290 1547; x_wconf 79' lang='lat' dir='ltr'><strong>Annalibus</strong></span> <span class='ocrx_word' id='word_1_132' title='bbox 1312 1491 1691 1546; x_wconf 78' lang='lat' dir='ltr'><strong>Ecclesiasticis</strong></span> <span class='ocrx_word' id='word_1_133' title='bbox 1714 1509 1763 1548; x_wconf 90' lang='lat' dir='ltr'><strong>a.</strong></span> <span class='ocrx_word' id='word_1_134' title='bbox 1782 1509 1965 1545; x_wconf 80' lang='lat' dir='ltr'><strong>xxxiv.</strong></span> <span class='ocrx_word' id='word_1_135' title='bbox 1991 1508 2135 1547; x_wconf 88' lang='lat' dir='ltr'><strong>num.</strong></span> <span class='ocrx_word' id='word_1_136' title='bbox 2155 1509 2333 1546; x_wconf 74' lang='lat' dir='ltr'><strong>xxxiv.</strong></span> <span class='ocrx_word' id='word_1_137' title='bbox 2357 1492 2597 1560; x_wconf 86' lang='lat' dir='ltr'><strong>legimus.</strong></span> 
     </span>
     <span class='ocr_line' id='line_1_15' title="bbox 258 1577 2600 1647; baseline -0.003 -11"><span class='ocrx_word' id='word_1_138' title='bbox 258 1582 455 1636; x_wconf 86' lang='lat' dir='ltr'><strong>Verum</strong></span> <span class='ocrx_word' id='word_1_139' title='bbox 476 1597 599 1634; x_wconf 86' lang='lat' dir='ltr'><strong>eum</strong></span> <span class='ocrx_word' id='word_1_140' title='bbox 622 1596 691 1633; x_wconf 84' lang='lat' dir='ltr'><strong>ex</strong></span> <span class='ocrx_word' id='word_1_141' title='bbox 714 1578 813 1633; x_wconf 88' lang='lat' dir='ltr'><strong>hoc</strong></span> <span class='ocrx_word' id='word_1_142' title='bbox 837 1595 943 1633; x_wconf 87' lang='lat' dir='ltr'><strong>uno</strong></span> <span class='ocrx_word' id='word_1_143' title='bbox 965 1578 1111 1633; x_wconf 80' lang='lat' dir='ltr'><strong>fonte</strong></span> <span class='ocrx_word' id='word_1_144' title='bbox 1134 1579 1438 1632; x_wconf 73' lang='lat' dir='ltr'><strong>innumerae</strong></span> <span class='ocrx_word' id='word_1_145' title='bbox 1460 1578 1581 1632; x_wconf 86' lang='lat' dir='ltr'><strong>illae</strong></span> <span class='ocrx_word' id='word_1_146' title='bbox 1606 1584 1660 1631; x_wconf 91' lang='lat' dir='ltr'><strong>et</strong></span> <span class='ocrx_word' id='word_1_147' title='bbox 1680 1577 2071 1632; x_wconf 69' lang='lat' dir='ltr'><strong>inextricabiles</strong></span> <span class='ocrx_word' id='word_1_148' title='bbox 2090 1578 2472 1631; x_wconf 80' lang='lat' dir='ltr'><strong>controversiae</strong></span> <span class='ocrx_word' id='word_1_149' title='bbox 2491 1579 2600 1647; x_wconf 88' lang='lat' dir='ltr'><strong>opi-</strong></span> 
     </span>
     <span class='ocr_line' id='line_1_16' title="bbox 258 1662 2601 1737; baseline -0.003 -16"><span class='ocrx_word' id='word_1_150' title='bbox 258 1668 549 1737; x_wconf 85' lang='lat' dir='ltr'><strong>nionesque</strong></span> <span class='ocrx_word' id='word_1_151' title='bbox 581 1669 905 1736; x_wconf 68' lang='lat' dir='ltr'><strong>propagatae</strong></span> <span class='ocrx_word' id='word_1_152' title='bbox 936 1664 1069 1730; x_wconf 86' lang='lat' dir='ltr'><strong>sint,</strong></span> <span class='ocrx_word' id='word_1_153' title='bbox 1098 1665 1153 1718; x_wconf 92' lang='lat' dir='ltr'><strong>in</strong></span> <span class='ocrx_word' id='word_1_154' title='bbox 1183 1680 1357 1718; x_wconf 85' lang='lat' dir='ltr'><strong>arcem</strong></span> <span class='ocrx_word' id='word_1_155' title='bbox 1391 1664 1559 1735; x_wconf 70' lang='lat' dir='ltr'><strong>Ipsam</strong></span> <span class='ocrx_word' id='word_1_156' title='bbox 1592 1663 1917 1734; x_wconf 69' lang='lat' dir='ltr'><strong>quaestionis</strong></span> <span class='ocrx_word' id='word_1_157' title='bbox 1947 1662 2296 1718; x_wconf 80' lang='lat' dir='ltr'><strong>invadendum</strong></span> <span class='ocrx_word' id='word_1_158' title='bbox 2327 1663 2482 1717; x_wconf 89' lang='lat' dir='ltr'><strong>nobis</strong></span> <span class='ocrx_word' id='word_1_159' title='bbox 2505 1671 2601 1728; x_wconf 82' lang='lat' dir='ltr'><strong>est,</strong></span> 
     </span>
     <span class='ocr_line' id='line_1_17' title="bbox 258 1748 2602 1823; baseline -0.001 -17"><span class='ocrx_word' id='word_1_160' title='bbox 258 1759 313 1806; x_wconf 88' lang='lat' dir='ltr'><strong>et</strong></span> <span class='ocrx_word' id='word_1_161' title='bbox 331 1751 462 1806; x_wconf 88' lang='lat' dir='ltr'><strong>illud</strong></span> <span class='ocrx_word' id='word_1_162' title='bbox 482 1753 658 1823; x_wconf 80' lang='lat' dir='ltr'><strong>ipsum</strong></span> <span class='ocrx_word' id='word_1_163' title='bbox 681 1750 821 1822; x_wconf 80' lang='lat' dir='ltr'><strong>quod</strong></span> <span class='ocrx_word' id='word_1_164' title='bbox 845 1748 1120 1821; x_wconf 78' lang='grc' dir='ltr'><strong>ἀξιώματος</strong></span> <span class='ocrx_word' id='word_1_165' title='bbox 1144 1749 1284 1820; x_wconf 90' lang='lat' dir='ltr'><strong>apud</strong></span> <span class='ocrx_word' id='word_1_166' title='bbox 1314 1750 1597 1804; x_wconf 88' lang='lat' dir='ltr'><strong>nonnullos</strong></span> <span class='ocrx_word' id='word_1_167' title='bbox 1632 1750 1807 1804; x_wconf 86' lang='lat' dir='ltr'><strong>locum</strong></span> <span class='ocrx_word' id='word_1_168' title='bbox 1845 1749 2048 1804; x_wconf 85' lang='lat' dir='ltr'><strong>obtinet</strong></span> <span class='ocrx_word' id='word_1_169' title='bbox 2076 1748 2174 1803; x_wconf 88' lang='lat' dir='ltr'><strong>sub</strong></span> <span class='ocrx_word' id='word_1_170' title='bbox 2207 1748 2602 1819; x_wconf 80' lang='lat' dir='ltr'><strong>inquisitionem</strong></span> 
     </span>
     <span class='ocr_line' id='line_1_18' title="bbox 256 1838 569 1893; baseline -0.006 0"><span class='ocrx_word' id='word_1_171' title='bbox 256 1838 569 1893; x_wconf 70' lang='lat' dir='ltr'><strong>vocandum.</strong></span> 
     </span>
    </p>
   </div>
   <div class='ocr_carea' id='block_1_4' title="bbox 258 1989 2600 2055">
    <p class='ocr_par' dir='ltr' id='par_1_5' title="bbox 258 1989 2600 2055">
     <span class='ocr_line' id='line_1_19' title="bbox 258 1989 2600 2055; baseline -0.001 -7"><span class='ocrx_word' id='word_1_172' title='bbox 258 1993 349 2048; x_wconf 82' lang='lat' dir='ltr'><strong>DE</strong></span> <span class='ocrx_word' id='word_1_173' title='bbox 374 1992 541 2047; x_wconf 82' lang='lat' dir='ltr'>ANNI</span> <span class='ocrx_word' id='word_1_174' title='bbox 575 1990 830 2045; x_wconf 84' lang='lat' dir='ltr'>IUDAICI</span> <span class='ocrx_word' id='word_1_175' title='bbox 866 1990 1100 2046; x_wconf 74' lang='lat' dir='ltr'>FORMA</span> <span class='ocrx_word' id='word_1_176' title='bbox 1128 1989 1325 2055; x_wconf 78' lang='lat' dir='ltr'><strong>QUAM</strong></span> <span class='ocrx_word' id='word_1_177' title='bbox 1358 1990 1490 2046; x_wconf 88' lang='lat' dir='ltr'><strong>SUB</strong></span> <span class='ocrx_word' id='word_1_178' title='bbox 1527 1989 1793 2045; x_wconf 77' lang='lat' dir='ltr'>CHRISTI</span> <span class='ocrx_word' id='word_1_179' title='bbox 1822 1989 2146 2044; x_wconf 76' lang='lat' dir='ltr'>TEMPORA</span> <span class='ocrx_word' id='word_1_180' title='bbox 2175 1990 2600 2045; x_wconf 78' lang='lat' dir='ltr'><strong>TENUERUNT.</strong></span> 
     </span>
    </p>
   </div>
   <div class='ocr_carea' id='block_1_5' title="bbox 260 2093 2605 2782">
    <p class='ocr_par' dir='ltr' id='par_1_6' title="bbox 260 2093 2605 2782">
     <span class='ocr_line' id='line_1_20' title="bbox 395 2093 2603 2166; baseline 0 -17"><span class='ocrx_word' id='word_1_181' title='bbox 395 2096 604 2166; x_wconf 81' lang='lat' dir='ltr'><strong>Duplex</strong></span> <span class='ocrx_word' id='word_1_182' title='bbox 627 2095 684 2149; x_wconf 90' lang='lat' dir='ltr'><strong>in</strong></span> <span class='ocrx_word' id='word_1_183' title='bbox 704 2094 1059 2148; x_wconf 71' lang='lat' dir='ltr'><strong>Hebraeorum</strong></span> <span class='ocrx_word' id='word_1_184' title='bbox 1082 2094 1468 2148; x_wconf 84' lang='lat' dir='ltr'><strong>commentariis</strong></span> <span class='ocrx_word' id='word_1_185' title='bbox 1493 2094 1662 2147; x_wconf 84' lang='lat' dir='ltr'><strong>civilis</strong></span> <span class='ocrx_word' id='word_1_186' title='bbox 1696 2093 1822 2147; x_wconf 89' lang='lat' dir='ltr'><strong>anni</strong></span> <span class='ocrx_word' id='word_1_187' title='bbox 1851 2093 1986 2147; x_wconf 85' lang='lat' dir='ltr'><strong>ratio</strong></span> <span class='ocrx_word' id='word_1_188' title='bbox 2009 2093 2246 2159; x_wconf 81' lang='lat' dir='ltr'><strong>traditur,</strong></span> <span class='ocrx_word' id='word_1_189' title='bbox 2281 2100 2502 2165; x_wconf 83' lang='lat' dir='ltr'><strong>utraque</strong></span> <span class='ocrx_word' id='word_1_190' title='bbox 2525 2098 2603 2149; x_wconf 83' lang='lat' dir='ltr'><strong>lu·</strong></span> 
     </span>
     <span class='ocr_line' id='line_1_21' title="bbox 261 2179 2602 2251; baseline -0.001 -16"><span class='ocrx_word' id='word_1_191' title='bbox 261 2183 431 2246; x_wconf 82' lang='lat' dir='ltr'><strong>naris,</strong></span> <span class='ocrx_word' id='word_1_192' title='bbox 467 2181 530 2234; x_wconf 92' lang='lat' dir='ltr'><strong>de</strong></span> <span class='ocrx_word' id='word_1_193' title='bbox 564 2196 669 2251; x_wconf 88' lang='lat' dir='ltr'><strong>qua</strong></span> <span class='ocrx_word' id='word_1_194' title='bbox 691 2182 869 2235; x_wconf 77' lang='lat' dir='ltr'><strong>Moses</strong></span> <span class='ocrx_word' id='word_1_195' title='bbox 892 2179 1173 2234; x_wconf 72' lang='lat' dir='ltr'><strong>Haimonis</strong></span> <span class='ocrx_word' id='word_1_196' title='bbox 1196 2180 1255 2236; x_wconf 87' lang='lat' dir='ltr'><strong>F.</strong></span> <span class='ocrx_word' id='word_1_197' title='bbox 1282 2185 1523 2233; x_wconf 84' lang='lat' dir='ltr'><strong>accurate</strong></span> <span class='ocrx_word' id='word_1_198' title='bbox 1557 2179 1768 2233; x_wconf 85' lang='lat' dir='ltr'><strong>disserit</strong></span> <span class='ocrx_word' id='word_1_199' title='bbox 1796 2185 1943 2251; x_wconf 86' lang='lat' dir='ltr'><strong>parte</strong></span> <span class='ocrx_word' id='word_1_200' title='bbox 1966 2180 2138 2250; x_wconf 88' lang='lat' dir='ltr'><strong>prima</strong></span> <span class='ocrx_word' id='word_1_201' title='bbox 2160 2180 2277 2245; x_wconf 85' lang='lat' dir='ltr'><strong>Iad,</strong></span> <span class='ocrx_word' id='word_1_202' title='bbox 2313 2187 2514 2236; x_wconf 85' lang='lat' dir='ltr'><strong>tractat.</strong></span> <span class='ocrx_word' id='word_1_203' title='bbox 2541 2181 2602 2233; x_wconf 91' lang='lat' dir='ltr'><strong>de</strong></span> 
     </span>
     <span class='ocr_line' id='line_1_22' title="bbox 260 2265 2602 2336; baseline -0 -15"><span class='ocrx_word' id='word_1_204' title='bbox 260 2265 524 2322; x_wconf 76' lang='lat' dir='ltr'><strong>Kiddusch</strong></span> <span class='ocrx_word' id='word_1_205' title='bbox 545 2265 882 2320; x_wconf 80' lang='lat' dir='ltr'><strong>hakkodesch</strong></span> <span class='ocrx_word' id='word_1_206' title='bbox 904 2272 958 2320; x_wconf 92' lang='lat' dir='ltr'><strong>et</strong></span> <span class='ocrx_word' id='word_1_207' title='bbox 979 2265 1045 2319; x_wconf 87' lang='lat' dir='ltr'><strong>ad</strong></span> <span class='ocrx_word' id='word_1_208' title='bbox 1067 2266 1290 2320; x_wconf 88' lang='lat' dir='ltr'><strong>eundem</strong></span> <span class='ocrx_word' id='word_1_209' title='bbox 1312 2270 1594 2320; x_wconf 85' lang='lat' dir='ltr'><strong>tractatum</strong></span> <span class='ocrx_word' id='word_1_210' title='bbox 1616 2265 1814 2336; x_wconf 81' lang='lat' dir='ltr'><strong>glossa.</strong></span> <span class='ocrx_word' id='word_1_211' title='bbox 1877 2265 2050 2320; x_wconf 81' lang='lat' dir='ltr'><strong>Prima</strong></span> <span class='ocrx_word' id='word_1_212' title='bbox 2072 2271 2244 2319; x_wconf 87' lang='lat' dir='ltr'><strong>stante</strong></span> <span class='ocrx_word' id='word_1_213' title='bbox 2269 2266 2439 2319; x_wconf 84' lang='lat' dir='ltr'><strong>adhuc</strong></span> <span class='ocrx_word' id='word_1_214' title='bbox 2474 2273 2602 2320; x_wconf 88' lang='lat' dir='ltr'><strong>tem·</strong></span> 
     </span>
     <span class='ocr_line' id='line_1_23' title="bbox 262 2349 2602 2425; baseline 0 -19"><span class='ocrx_word' id='word_1_215' title='bbox 262 2356 347 2425; x_wconf 90' lang='lat' dir='ltr'><strong>plo</strong></span> <span class='ocrx_word' id='word_1_216' title='bbox 370 2354 569 2407; x_wconf 84' lang='lat' dir='ltr'><strong>usitata</strong></span> <span class='ocrx_word' id='word_1_217' title='bbox 588 2353 713 2418; x_wconf 80' lang='lat' dir='ltr'><strong>fuit,</strong></span> <span class='ocrx_word' id='word_1_218' title='bbox 739 2368 844 2423; x_wconf 87' lang='lat' dir='ltr'><strong>qua</strong></span> <span class='ocrx_word' id='word_1_219' title='bbox 866 2349 1171 2405; x_wconf 76' lang='lat' dir='ltr'><strong>neomenias</strong></span> <span class='ocrx_word' id='word_1_220' title='bbox 1187 2349 1287 2404; x_wconf 71' lang='grc' dir='ltr'><strong>ἀπὸ</strong></span> <span class='ocrx_word' id='word_1_221' title='bbox 1306 2355 1391 2419; x_wconf 76' lang='grc' dir='ltr'><strong>τῆς</strong></span> <span class='ocrx_word' id='word_1_222' title='bbox 1410 2349 1606 2421; x_wconf 64' lang='grc' dir='ltr'>φάσεως</span> <span class='ocrx_word' id='word_1_223' title='bbox 1621 2351 1936 2406; x_wconf 83' lang='lat' dir='ltr'><strong>indicebant.</strong></span> <span class='ocrx_word' id='word_1_224' title='bbox 1975 2351 2126 2416; x_wconf 81' lang='lat' dir='ltr'><strong>Quod</strong></span> <span class='ocrx_word' id='word_1_225' title='bbox 2148 2352 2203 2405; x_wconf 90' lang='lat' dir='ltr'><strong>iu</strong></span> <span class='ocrx_word' id='word_1_226' title='bbox 2227 2351 2365 2406; x_wconf 88' lang='lat' dir='ltr'><strong>hunc</strong></span> <span class='ocrx_word' id='word_1_227' title='bbox 2389 2353 2602 2406; x_wconf 85' lang='lat' dir='ltr'><strong>modum</strong></span> 
     </span>
     <span class='ocr_line' id='line_1_24' title="bbox 264 2437 2602 2524; baseline -0 -31"><span class='ocrx_word' id='word_1_228' title='bbox 264 2439 438 2493; x_wconf 84' lang='lat' dir='ltr'><strong>fiebat.</strong></span> <span class='ocrx_word' id='word_1_229' title='bbox 506 2438 634 2492; x_wconf 80' lang='lat' dir='ltr'><strong>Erat</strong></span> <span class='ocrx_word' id='word_1_230' title='bbox 663 2437 804 2509; x_wconf 85' lang='lat' dir='ltr'><strong>apud</strong></span> <span class='ocrx_word' id='word_1_231' title='bbox 827 2437 1047 2491; x_wconf 83' lang='lat' dir='ltr'><strong>Iudaeos</strong></span> <span class='ocrx_word' id='word_1_232' title='bbox 1071 2441 1169 2524; x_wconf 59' lang='lat'>7³¹¹!</span> <span class='ocrx_word' id='word_1_233' title='bbox 1195 2442 1317 2498; x_wconf 57' lang='grc' dir='ltr'><strong>Νη</strong></span> <span class='ocrx_word' id='word_1_234' title='bbox 1340 2438 1451 2491; x_wconf 75' lang='lat' dir='ltr'><strong>sive</strong></span> <span class='ocrx_word' id='word_1_235' title='bbox 1476 2437 1744 2508; x_wconf 74' lang='grc' dir='ltr'>συνέδριον,</span> <span class='ocrx_word' id='word_1_236' title='bbox 1767 2453 1931 2508; x_wconf 84' lang='lat' dir='ltr'><strong>penes</strong></span> <span class='ocrx_word' id='word_1_237' title='bbox 1955 2438 2098 2507; x_wconf 89' lang='lat' dir='ltr'><strong>quod</strong></span> <span class='ocrx_word' id='word_1_238' title='bbox 2120 2438 2602 2492; x_wconf 85' lang='lat' dir='ltr'><strong>constituendarum</strong></span> 
     </span>
     <span class='ocr_line' id='line_1_25' title="bbox 262 2523 2603 2617; baseline 0 -39"><span class='ocrx_word' id='word_1_239' title='bbox 262 2525 655 2579; x_wconf 82' lang='lat' dir='ltr'><strong>neomeniarum</strong></span> <span class='ocrx_word' id='word_1_240' title='bbox 674 2528 910 2594; x_wconf 82' lang='lat' dir='ltr'><strong>potestas</strong></span> <span class='ocrx_word' id='word_1_241' title='bbox 934 2523 1218 2588; x_wconf 81' lang='lat' dir='ltr'><strong>residebat,</strong></span> <span class='ocrx_word' id='word_1_242' title='bbox 1242 2537 1403 2594; x_wconf 87' lang='lat' dir='ltr'><strong>quam</strong></span> <span class='ocrx_word' id='word_1_243' title='bbox 1428 2527 1666 2617; x_wconf 57' lang='lat' dir='ltr'><strong>nwzp,</strong></span> <span class='ocrx_word' id='word_1_244' title='bbox 1691 2526 2154 2576; x_wconf 60' lang='lat' dir='ltr'><strong>decernunationem</strong></span> <span class='ocrx_word' id='word_1_245' title='bbox 2176 2529 2378 2578; x_wconf 80' lang='lat' dir='ltr'><strong>vocant.</strong></span> <span class='ocrx_word' id='word_1_246' title='bbox 2413 2526 2603 2578; x_wconf 84' lang='lat' dir='ltr'><strong>Huius·</strong></span> 
     </span>
     <span class='ocr_line' id='line_1_26' title="bbox 264 2608 2605 2682; baseline 0 -17"><span class='ocrx_word' id='word_1_247' title='bbox 264 2611 403 2665; x_wconf 89' lang='lat' dir='ltr'><strong>modi</strong></span> <span class='ocrx_word' id='word_1_248' title='bbox 427 2609 652 2682; x_wconf 78' lang='grc' dir='ltr'><strong>συνέδρια</strong></span> <span class='ocrx_word' id='word_1_249' title='bbox 674 2611 826 2681; x_wconf 88' lang='lat' dir='ltr'><strong>plura</strong></span> <span class='ocrx_word' id='word_1_250' title='bbox 847 2611 901 2663; x_wconf 91' lang='lat' dir='ltr'><strong>in</strong></span> <span class='ocrx_word' id='word_1_251' title='bbox 924 2608 1221 2664; x_wconf 82' lang='lat' dir='ltr'><strong>Palaestina</strong></span> <span class='ocrx_word' id='word_1_252' title='bbox 1243 2626 1363 2664; x_wconf 90' lang='lat' dir='ltr'><strong>cum</strong></span> <span class='ocrx_word' id='word_1_253' title='bbox 1395 2615 1597 2676; x_wconf 85' lang='lat' dir='ltr'><strong>essent,</strong></span> <span class='ocrx_word' id='word_1_254' title='bbox 1629 2611 1967 2681; x_wconf 84' lang='lat' dir='ltr'><strong>praecipuum</strong></span> <span class='ocrx_word' id='word_1_255' title='bbox 1999 2615 2111 2663; x_wconf 88' lang='lat' dir='ltr'><strong>erat</strong></span> <span class='ocrx_word' id='word_1_256' title='bbox 2140 2611 2540 2681; x_wconf 76' lang='lat' dir='ltr'><strong>Hierosolymis,</strong></span> <span class='ocrx_word' id='word_1_257' title='bbox 2572 2629 2605 2665; x_wconf 91' lang='lat' dir='ltr'><strong>a</strong></span> 
     </span>
     <span class='ocr_line' id='line_1_27' title="bbox 266 2694 2603 2782; baseline 0.003 -32"><span class='ocrx_word' id='word_1_258' title='bbox 266 2714 367 2769; x_wconf 86' lang='lat' dir='ltr'><strong>quo</strong></span> <span class='ocrx_word' id='word_1_259' title='bbox 401 2702 607 2750; x_wconf 77' lang='lat' dir='ltr'><strong>caetera</strong></span> <span class='ocrx_word' id='word_1_260' title='bbox 638 2695 938 2767; x_wconf 85' lang='lat' dir='ltr'><strong>penderent.</strong></span> <span class='ocrx_word' id='word_1_261' title='bbox 1020 2694 1204 2767; x_wconf 86' lang='lat' dir='ltr'><strong>Itaque</strong></span> <span class='ocrx_word' id='word_1_262' title='bbox 1236 2697 1417 2766; x_wconf 81' lang='lat' dir='ltr'><strong>glossa</strong></span> <span class='ocrx_word' id='word_1_263' title='bbox 1447 2712 1559 2766; x_wconf 87' lang='lat' dir='ltr'><strong>cap.</strong></span> <span class='ocrx_word' id='word_1_264' title='bbox 1592 2700 1794 2751; x_wconf 87' lang='lat' dir='ltr'><strong>tractat.</strong></span> <span class='ocrx_word' id='word_1_265' title='bbox 1827 2694 2095 2750; x_wconf 87' lang='lat' dir='ltr'><strong>Kiddusch</strong></span> <span class='ocrx_word' id='word_1_266' title='bbox 2137 2699 2185 2764; x_wconf 67' lang='grc' dir='ltr'><strong>ξ.</strong></span> <span class='ocrx_word' id='word_1_267' title='bbox 2215 2697 2267 2752; x_wconf 86' lang='grc'><strong>8.</strong></span> <span class='ocrx_word' id='word_1_268' title='bbox 2310 2703 2421 2758; x_wconf 55' lang='grc' dir='ltr'><strong>Ὃκ</strong></span> <span class='ocrx_word' id='word_1_269' title='bbox 2466 2703 2603 2782; x_wconf 59' lang='grc' dir='ltr'><strong>ῬΝἾ</strong></span> 
     </span>
    </p>
   </div>
   <div class='ocr_carea' id='block_1_6' title="bbox 264 2769 2605 2984">
    <p class='ocr_par' dir='ltr' id='par_1_7' title="bbox 264 2769 2605 2984">
     <span class='ocr_line' id='line_1_28' title="bbox 264 2769 2602 2886; baseline 0.001 -27"><span class='ocrx_word' id='word_1_270' title='bbox 264 2774 351 2861; x_wconf 70' lang='lat'>⁸¹⁸1:</span> <span class='ocrx_word' id='word_1_271' title='bbox 387 2804 562 2862; x_wconf 59' lang='grc' dir='ltr'><strong>ινιτ-ιη</strong></span> <span class='ocrx_word' id='word_1_272' title='bbox 610 2803 920 2861; x_wconf 59' lang='lat' dir='ltr'><strong>nae-nnn</strong></span> <span class='ocrx_word' id='word_1_273' title='bbox 954 2802 1136 2862; x_wconf 65' lang='lat' dir='ltr'><strong>*nm</strong></span> <span class='ocrx_word' id='word_1_274' title='bbox 1170 2803 1320 2886; x_wconf 63' lang='grc' dir='ltr'><strong>ῑι-τω</strong></span> <span class='ocrx_word' id='word_1_275' title='bbox 1362 2773 1453 2859; x_wconf 70' lang='lat' dir='ltr'><strong>-ia</strong></span> <span class='ocrx_word' id='word_1_276' title='bbox 1497 2799 1858 2882; x_wconf 54' lang='grc' dir='ltr'><strong>ι-π-ινιρτι</strong></span> <span class='ocrx_word' id='word_1_277' title='bbox 1909 2772 2059 2869; x_wconf 64' lang='lat'><strong>²72⁷</strong></span> <span class='ocrx_word' id='word_1_278' title='bbox 2106 2769 2250 2870; x_wconf 65' lang='lat' dir='ltr'><strong>aba</strong></span> <span class='ocrx_word' id='word_1_279' title='bbox 2387 2806 2602 2862; x_wconf 61' lang='lat' dir='ltr'><strong>*nme</strong></span> 
     </span>
     <span class='ocr_line' id='line_1_29' title="bbox 264 2802 2605 2984; baseline -0 -39"><span class='ocrx_word' id='word_1_280' title='bbox 264 2890 485 2978; x_wconf 48' lang='lat' dir='ltr'><strong>supin-i</strong></span> <span class='ocrx_word' id='word_1_281' title='bbox 508 2889 651 2946; x_wconf 65' lang='lat' dir='ltr'><strong>nri-v</strong></span> <span class='ocrx_word' id='word_1_282' title='bbox 677 2855 914 2956; x_wconf 62' lang='lat' dir='ltr'><strong>*nb-mu</strong></span> <span class='ocrx_word' id='word_1_283' title='bbox 939 2855 1457 2984; x_wconf 56' lang='lat' dir='ltr'><strong>baem-*Tmen</strong></span> <span class='ocrx_word' id='word_1_284' title='bbox 1480 2887 1639 2970; x_wconf 55' lang='lat'><strong>7³³³*</strong></span> <span class='ocrx_word' id='word_1_285' title='bbox 1673 2888 1795 2943; x_wconf 60' lang='lat' dir='ltr'><strong>*na</strong></span> <span class='ocrx_word' id='word_1_286' title='bbox 1826 2855 1918 2955; x_wconf 64' lang='lat' dir='ltr'><strong>b:</strong></span> <span class='ocrx_word' id='word_1_287' title='bbox 1952 2888 2147 2945; x_wconf 55' lang='grc' dir='ltr'><strong>’ῆι-ναν</strong></span> <span class='ocrx_word' id='word_1_288' title='bbox 2182 2802 2605 2953; x_wconf 53' lang='grc' dir='ltr'><strong>εαξη-ωηο</strong></span> 
     </span>
    </p>
   </div>
   <div class='ocr_carea' id='block_1_7' title="bbox 260 2971 2607 4756">
    <p class='ocr_par' dir='ltr' id='par_1_8' title="bbox 260 2971 2607 4756">
     <span class='ocr_line' id='line_1_30' title="bbox 264 2971 2603 3041; baseline -0.001 -17"><span class='ocrx_word' id='word_1_289' title='bbox 264 2972 439 3041; x_wconf 79' lang='lat' dir='ltr'><strong>Neque</strong></span> <span class='ocrx_word' id='word_1_290' title='bbox 470 2990 589 3024; x_wconf 76' lang='lat' dir='ltr'><strong>vero</strong></span> <span class='ocrx_word' id='word_1_291' title='bbox 624 2988 712 3023; x_wconf 80' lang='lat' dir='ltr'><strong>noe</strong></span> <span class='ocrx_word' id='word_1_292' title='bbox 744 2974 1010 3023; x_wconf 73' lang='lat' dir='ltr'><strong>innitimur</strong></span> <span class='ocrx_word' id='word_1_293' title='bbox 1033 2971 1211 3033; x_wconf 69' lang='lat' dir='ltr'><strong>alters,</strong></span> <span class='ocrx_word' id='word_1_294' title='bbox 1244 2988 1394 3038; x_wconf 77' lang='lat' dir='ltr'><strong>quam</strong></span> <span class='ocrx_word' id='word_1_295' title='bbox 1428 2971 1711 3039; x_wconf 62' lang='lat' dir='ltr'><strong>definitioni</strong></span> <span class='ocrx_word' id='word_1_296' title='bbox 1730 2974 1876 3021; x_wconf 80' lang='lat' dir='ltr'><strong>sacri</strong></span> <span class='ocrx_word' id='word_1_297' title='bbox 1908 2986 2191 3034; x_wconf 45' lang='lat' dir='ltr'><strong>consessu&amp;</strong></span> <span class='ocrx_word' id='word_1_298' title='bbox 2216 2974 2449 3040; x_wconf 75' lang='lat' dir='ltr'><strong>qnom&#39;arn</strong></span> <span class='ocrx_word' id='word_1_299' title='bbox 2474 2971 2603 3021; x_wconf 76' lang='lat' dir='ltr'><strong>haec</strong></span> 
     </span>
     <span class='ocr_line' id='line_1_31' title="bbox 262 3054 2603 3125; baseline -0.001 -15"><span class='ocrx_word' id='word_1_300' title='bbox 262 3060 495 3110; x_wconf 66' lang='lat' dir='ltr'><strong>columina</strong></span> <span class='ocrx_word' id='word_1_301' title='bbox 520 3066 595 3108; x_wconf 75' lang='lat' dir='ltr'><strong>eet</strong></span> <span class='ocrx_word' id='word_1_302' title='bbox 616 3058 905 3111; x_wconf 49' lang='lat' dir='ltr'><strong>decisionis.</strong></span> <span class='ocrx_word' id='word_1_303' title='bbox 954 3057 1117 3124; x_wconf 77' lang='lat' dir='ltr'><strong>Atqui</strong></span> <span class='ocrx_word' id='word_1_304' title='bbox 1148 3055 1235 3107; x_wconf 68' lang='lat' dir='ltr'><strong>Mc</strong></span> <span class='ocrx_word' id='word_1_305' title='bbox 1268 3059 1377 3125; x_wconf 80' lang='lat' dir='ltr'><strong>ipse</strong></span> <span class='ocrx_word' id='word_1_306' title='bbox 1412 3072 1674 3108; x_wconf 77' lang='lat' dir='ltr'><strong>consessus</strong></span> <span class='ocrx_word' id='word_1_307' title='bbox 1700 3054 2193 3122; x_wconf 72' lang='lat' dir='ltr'><strong>Hierosolymitanue</strong></span> <span class='ocrx_word' id='word_1_308' title='bbox 2226 3066 2312 3109; x_wconf 71' lang='lat' dir='ltr'><strong>eet.</strong></span> <span class='ocrx_word' id='word_1_309' title='bbox 2365 3056 2603 3116; x_wconf 82' lang='lat' dir='ltr'><strong>Quando·</strong></span> 
     </span>
     <span class='ocr_line' id='line_1_32' title="bbox 263 3141 2604 3213; baseline 0 -19"><span class='ocrx_word' id='word_1_310' title='bbox 263 3146 457 3213; x_wconf 72' lang='lat' dir='ltr'><strong>quidem</strong></span> <span class='ocrx_word' id='word_1_311' title='bbox 477 3145 784 3195; x_wconf 65' lang='lat' dir='ltr'><strong>consistoria</strong></span> <span class='ocrx_word' id='word_1_312' title='bbox 801 3145 988 3207; x_wconf 78' lang='lat' dir='ltr'><strong>omnia,</strong></span> <span class='ocrx_word' id='word_1_313' title='bbox 1013 3159 1143 3210; x_wconf 79' lang='lat' dir='ltr'><strong>quae</strong></span> <span class='ocrx_word' id='word_1_314' title='bbox 1160 3145 1215 3193; x_wconf 86' lang='lat' dir='ltr'><strong>in</strong></span> <span class='ocrx_word' id='word_1_315' title='bbox 1232 3141 1539 3194; x_wconf 62' lang='lat' dir='ltr'><strong>Israelitica</strong></span> <span class='ocrx_word' id='word_1_316' title='bbox 1560 3151 1704 3193; x_wconf 69' lang='lat' dir='ltr'><strong>terra</strong></span> <span class='ocrx_word' id='word_1_317' title='bbox 1719 3150 1849 3203; x_wconf 77' lang='lat' dir='ltr'><strong>sunt,</strong></span> <span class='ocrx_word' id='word_1_318' title='bbox 1867 3142 2004 3193; x_wconf 75' lang='lat' dir='ltr'><strong>velut</strong></span> <span class='ocrx_word' id='word_1_319' title='bbox 2021 3146 2336 3194; x_wconf 73' lang='lat' dir='ltr'><strong>accessiones</strong></span> <span class='ocrx_word' id='word_1_320' title='bbox 2353 3144 2604 3211; x_wconf 76' lang='lat' dir='ltr'><strong>quaedam</strong></span> 
     </span>
     <span class='ocr_line' id='line_1_33' title="bbox 260 3225 2603 3298; baseline 0 -17"><span class='ocrx_word' id='word_1_321' title='bbox 260 3240 399 3293; x_wconf 71' lang='lat' dir='ltr'><strong>suni,</strong></span> <span class='ocrx_word' id='word_1_322' title='bbox 424 3229 941 3296; x_wconf 73' lang='lat' dir='ltr'><strong>Hierosolymitanmn</strong></span> <span class='ocrx_word' id='word_1_323' title='bbox 962 3244 1081 3279; x_wconf 79' lang='lat' dir='ltr'><strong>vero</strong></span> <span class='ocrx_word' id='word_1_324' title='bbox 1100 3229 1491 3296; x_wconf 68' lang='lat' dir='ltr'><strong>fundamentum</strong></span> <span class='ocrx_word' id='word_1_325' title='bbox 1515 3235 1605 3278; x_wconf 77' lang='lat' dir='ltr'><strong>eet.</strong></span> <span class='ocrx_word' id='word_1_326' title='bbox 1678 3225 1847 3290; x_wconf 83' lang='lat' dir='ltr'><strong>Quare</strong></span> <span class='ocrx_word' id='word_1_327' title='bbox 1869 3226 2248 3298; x_wconf 74' lang='lat' dir='ltr'><strong>Hierosolymis</strong></span> <span class='ocrx_word' id='word_1_328' title='bbox 2270 3228 2603 3298; x_wconf 88' lang='lat' dir='ltr'><strong>potissimum</strong></span> 
     </span>
     <span class='ocr_line' id='line_1_34' title="bbox 260 3311 2606 3386; baseline -0 -18"><span class='ocrx_word' id='word_1_329' title='bbox 260 3330 513 3386; x_wconf 84' lang='lat' dir='ltr'><strong>responsa</strong></span> <span class='ocrx_word' id='word_1_330' title='bbox 535 3314 859 3385; x_wconf 80' lang='lat' dir='ltr'><strong>petebantur.</strong></span> <span class='ocrx_word' id='word_1_331' title='bbox 894 3311 999 3367; x_wconf 82' lang='lat' dir='ltr'><strong>Sed</strong></span> <span class='ocrx_word' id='word_1_332' title='bbox 1017 3328 1198 3366; x_wconf 82' lang='lat' dir='ltr'><strong>eversa</strong></span> <span class='ocrx_word' id='word_1_333' title='bbox 1213 3312 1365 3378; x_wconf 86' lang='lat' dir='ltr'><strong>urbe,</strong></span> <span class='ocrx_word' id='word_1_334' title='bbox 1392 3312 1642 3382; x_wconf 88' lang='lat' dir='ltr'><strong>quamdiu</strong></span> <span class='ocrx_word' id='word_1_335' title='bbox 1660 3312 1837 3366; x_wconf 88' lang='lat' dir='ltr'><strong>Iudaei</strong></span> <span class='ocrx_word' id='word_1_336' title='bbox 1859 3312 1914 3366; x_wconf 91' lang='lat' dir='ltr'><strong>in</strong></span> <span class='ocrx_word' id='word_1_337' title='bbox 1930 3312 2228 3367; x_wconf 84' lang='lat' dir='ltr'><strong>Palaestina</strong></span> <span class='ocrx_word' id='word_1_338' title='bbox 2243 3320 2606 3367; x_wconf 88' lang='lat' dir='ltr'><strong>remanserunt</strong></span> 
     </span>
     <span class='ocr_line' id='line_1_35' title="bbox 262 3396 2604 3470; baseline -0 -16"><span class='ocrx_word' id='word_1_339' title='bbox 262 3417 322 3454; x_wconf 86' lang='lat' dir='ltr'><strong>ac</strong></span> <span class='ocrx_word' id='word_1_340' title='bbox 356 3399 608 3470; x_wconf 78' lang='grc' dir='ltr'>συνέδριον</span> <span class='ocrx_word' id='word_1_341' title='bbox 643 3398 839 3453; x_wconf 87' lang='lat' dir='ltr'><strong>ibidem</strong></span> <span class='ocrx_word' id='word_1_342' title='bbox 870 3397 1186 3464; x_wconf 86' lang='lat' dir='ltr'><strong>habuerunt,</strong></span> <span class='ocrx_word' id='word_1_343' title='bbox 1222 3414 1384 3469; x_wconf 89' lang='lat' dir='ltr'><strong>penes</strong></span> <span class='ocrx_word' id='word_1_344' title='bbox 1415 3398 1546 3452; x_wconf 87' lang='lat' dir='ltr'><strong>illud</strong></span> <span class='ocrx_word' id='word_1_345' title='bbox 1576 3400 1660 3452; x_wconf 87' lang='lat' dir='ltr'><strong>ius</strong></span> <span class='ocrx_word' id='word_1_346' title='bbox 1695 3416 1850 3453; x_wconf 86' lang='lat' dir='ltr'><strong>omne</strong></span> <span class='ocrx_word' id='word_1_347' title='bbox 1881 3399 2009 3464; x_wconf 81' lang='lat' dir='ltr'><strong>ruit,</strong></span> <span class='ocrx_word' id='word_1_348' title='bbox 2043 3396 2314 3470; x_wconf 65' lang='lat' dir='ltr'><strong>quousque</strong></span> <span class='ocrx_word' id='word_1_349' title='bbox 2350 3399 2604 3454; x_wconf 83' lang='lat' dir='ltr'><strong>Gemarae</strong></span> 
     </span>
     <span class='ocr_line' id='line_1_36' title="bbox 261 3484 2607 3557; baseline 0 -18"><span class='ocrx_word' id='word_1_350' title='bbox 261 3484 537 3557; x_wconf 77' lang='lat' dir='ltr'><strong>Sapientes</strong></span> <span class='ocrx_word' id='word_1_351' title='bbox 571 3484 859 3550; x_wconf 87' lang='lat' dir='ltr'><strong>desierunt,</strong></span> <span class='ocrx_word' id='word_1_352' title='bbox 902 3485 981 3538; x_wconf 88' lang='lat' dir='ltr'><strong>uti</strong></span> <span class='ocrx_word' id='word_1_353' title='bbox 1012 3500 1127 3554; x_wconf 88' lang='lat' dir='ltr'><strong>cap.</strong></span> <span class='ocrx_word' id='word_1_354' title='bbox 1159 3502 1207 3537; x_wconf 82' lang='lat' dir='ltr'><strong>v.</strong></span> <span class='ocrx_word' id='word_1_355' title='bbox 1244 3487 1293 3552; x_wconf 67' lang='grc' dir='ltr'><strong>ξ.</strong></span> <span class='ocrx_word' id='word_1_356' title='bbox 1320 3501 1400 3539; x_wconf 87' lang='lat' dir='ltr'><strong>nr.</strong></span> <span class='ocrx_word' id='word_1_357' title='bbox 1440 3485 1621 3538; x_wconf 79' lang='lat' dir='ltr'><strong>Moses</strong></span> <span class='ocrx_word' id='word_1_358' title='bbox 1667 3485 1864 3538; x_wconf 80' lang='lat' dir='ltr'><strong>scribit.</strong></span> <span class='ocrx_word' id='word_1_359' title='bbox 1949 3485 2172 3539; x_wconf 85' lang='lat' dir='ltr'><strong>Proinde</strong></span> <span class='ocrx_word' id='word_1_360' title='bbox 2223 3487 2310 3555; x_wconf 90' lang='lat' dir='ltr'><strong>qui</strong></span> <span class='ocrx_word' id='word_1_361' title='bbox 2358 3487 2607 3539; x_wconf 78' lang='lat' dir='ltr'><strong>vixerunt</strong></span> 
     </span>
     <span class='ocr_line' id='line_1_37' title="bbox 262 3542 2603 3662; baseline -0.001 -28"><span class='ocrx_word' id='word_1_362' title='bbox 262 3578 475 3662; x_wconf 59' lang='lat' dir='ltr'><strong>runa?</strong></span> <span class='ocrx_word' id='word_1_363' title='bbox 510 3542 603 3642; x_wconf 65' lang='lat' dir='ltr'><strong>br</strong></span> <span class='ocrx_word' id='word_1_364' title='bbox 637 3576 810 3633; x_wconf 62' lang='grc' dir='ltr'><strong>κεν-ιη</strong></span> <span class='ocrx_word' id='word_1_365' title='bbox 848 3576 995 3630; x_wconf 54' lang='lat' dir='ltr'><strong>*aa</strong></span> <span class='ocrx_word' id='word_1_366' title='bbox 1030 3575 1119 3634; x_wconf 65' lang='lat' dir='ltr'><em>w</em></span> <span class='ocrx_word' id='word_1_367' title='bbox 1156 3574 1403 3633; x_wconf 55' lang='lat' dir='ltr'><strong>aeman</strong></span> <span class='ocrx_word' id='word_1_368' title='bbox 1439 3576 1623 3633; x_wconf 58' lang='lat' dir='ltr'><strong>*mn</strong></span> <span class='ocrx_word' id='word_1_369' title='bbox 1659 3576 1816 3632; x_wconf 57' lang='lat' dir='ltr'><strong>*wa</strong></span> <span class='ocrx_word' id='word_1_370' title='bbox 1849 3573 1953 3656; x_wconf 58' lang='lat'><strong>7²³</strong></span> <span class='ocrx_word' id='word_1_371' title='bbox 1992 3575 2200 3633; x_wconf 65' lang='lat' dir='ltr'><strong>rin-om</strong></span> <span class='ocrx_word' id='word_1_372' title='bbox 2229 3578 2410 3632; x_wconf 54' lang='grc' dir='ltr'>ηοω-ι</span> <span class='ocrx_word' id='word_1_373' title='bbox 2448 3580 2603 3632; x_wconf 65' lang='lat'><strong>&#39;⁴7:³2</strong></span> 
     </span>
     <span class='ocr_line' id='line_1_38' title="bbox 261 3654 2603 3726; baseline -0.004 -6"><span class='ocrx_word' id='word_1_374' title='bbox 261 3662 527 3720; x_wconf 51' lang='lat' dir='ltr'><strong>mne&gt;</strong></span> <span class='ocrx_word' id='word_1_375' title='bbox 565 3660 681 3718; x_wconf 65' lang='grc' dir='ltr'><strong>’ῬὶἿ</strong></span> <span class='ocrx_word' id='word_1_376' title='bbox 720 3655 844 3717; x_wconf 60' lang='lat'><strong>&#39;⁸82</strong></span> <span class='ocrx_word' id='word_1_377' title='bbox 892 3655 962 3708; x_wconf 86' lang='lat' dir='ltr'><strong>In</strong></span> <span class='ocrx_word' id='word_1_378' title='bbox 994 3657 1169 3708; x_wconf 75' lang='lat' dir='ltr'><strong>diebus</strong></span> <span class='ocrx_word' id='word_1_379' title='bbox 1195 3655 1496 3725; x_wconf 69' lang='lat' dir='ltr'><strong>Sapientiam</strong></span> <span class='ocrx_word' id='word_1_380' title='bbox 1529 3657 1699 3707; x_wconf 75' lang='lat' dir='ltr'><strong>Misne</strong></span> <span class='ocrx_word' id='word_1_381' title='bbox 1731 3666 1780 3708; x_wconf 76' lang='lat' dir='ltr'><strong>et</strong></span> <span class='ocrx_word' id='word_1_382' title='bbox 1806 3654 2104 3726; x_wconf 68' lang='lat' dir='ltr'><strong>Sapientiam</strong></span> <span class='ocrx_word' id='word_1_383' title='bbox 2139 3658 2419 3719; x_wconf 82' lang='lat' dir='ltr'><strong>Gemarae,</strong></span> <span class='ocrx_word' id='word_1_384' title='bbox 2452 3676 2603 3725; x_wconf 77' lang='lat' dir='ltr'><strong>usqne</strong></span> 
     </span>
     <span class='ocr_line' id='line_1_39' title="bbox 263 3741 2605 3805; baseline -0 -9"><span class='ocrx_word' id='word_1_385' title='bbox 263 3746 336 3797; x_wconf 81' lang='lat' dir='ltr'><strong>ad</strong></span> <span class='ocrx_word' id='word_1_386' title='bbox 350 3743 525 3796; x_wconf 73' lang='lat' dir='ltr'><strong>Raboi</strong></span> <span class='ocrx_word' id='word_1_387' title='bbox 540 3742 713 3794; x_wconf 72' lang='lat' dir='ltr'><strong>Abaie</strong></span> <span class='ocrx_word' id='word_1_388' title='bbox 731 3750 782 3794; x_wconf 81' lang='lat' dir='ltr'><strong>et</strong></span> <span class='ocrx_word' id='word_1_389' title='bbox 794 3741 981 3794; x_wconf 79' lang='lat' dir='ltr'><strong>Rabba</strong></span> <span class='ocrx_word' id='word_1_390' title='bbox 992 3780 1009 3805; x_wconf 89' lang='lat'><em>‚</em></span> <span class='ocrx_word' id='word_1_391' title='bbox 1030 3743 1447 3795; x_wconf 75' lang='lat' dir='ltr'><strong>determinatione</strong></span> <span class='ocrx_word' id='word_1_392' title='bbox 1466 3742 1801 3793; x_wconf 60' lang='lat' dir='ltr'><strong>Israeliticae</strong></span> <span class='ocrx_word' id='word_1_393' title='bbox 1820 3751 1990 3793; x_wconf 80' lang='lat' dir='ltr'><strong>terrae</strong></span> <span class='ocrx_word' id='word_1_394' title='bbox 2011 3742 2316 3797; x_wconf 78' lang='lat' dir='ltr'><strong>nitebantur.</strong></span> <span class='ocrx_word' id='word_1_395' title='bbox 2347 3743 2605 3795; x_wconf 86' lang='lat' dir='ltr'><strong>Postremi</strong></span> 
     </span>
     <span class='ocr_line' id='line_1_40' title="bbox 261 3823 2604 3900; baseline -0.002 -18"><span class='ocrx_word' id='word_1_396' title='bbox 261 3828 574 3900; x_wconf 77' lang='lat' dir='ltr'><strong>Sapientum</strong></span> <span class='ocrx_word' id='word_1_397' title='bbox 603 3826 774 3881; x_wconf 73' lang='lat' dir='ltr'><strong>Hisne</strong></span> <span class='ocrx_word' id='word_1_398' title='bbox 804 3827 987 3881; x_wconf 70' lang='lat' dir='ltr'><strong>vixere</strong></span> <span class='ocrx_word' id='word_1_399' title='bbox 1021 3827 1157 3880; x_wconf 88' lang='lat' dir='ltr'><strong>circa</strong></span> <span class='ocrx_word' id='word_1_400' title='bbox 1187 3833 1426 3898; x_wconf 85' lang='lat' dir='ltr'><strong>tempora</strong></span> <span class='ocrx_word' id='word_1_401' title='bbox 1458 3825 1735 3891; x_wconf 78' lang='lat' dir='ltr'><strong>Antonini,</strong></span> <span class='ocrx_word' id='word_1_402' title='bbox 1770 3823 1963 3878; x_wconf 83' lang='lat' dir='ltr'><strong>Christi</strong></span> <span class='ocrx_word' id='word_1_403' title='bbox 1986 3840 2099 3881; x_wconf 81' lang='lat' dir='ltr'><strong>cr..:</strong></span> <span class='ocrx_word' id='word_1_404' title='bbox 2148 3833 2204 3880; x_wconf 90' lang='lat' dir='ltr'><strong>at</strong></span> <span class='ocrx_word' id='word_1_405' title='bbox 2228 3827 2504 3880; x_wconf 84' lang='lat' dir='ltr'><strong>Gemaraei</strong></span> <span class='ocrx_word' id='word_1_406' title='bbox 2537 3827 2604 3879; x_wconf 85' lang='lat' dir='ltr'><strong>ad</strong></span> 
     </span>
     <span class='ocr_line' id='line_1_41' title="bbox 262 3910 2604 3984; baseline -0.002 -15"><span class='ocrx_word' id='word_1_407' title='bbox 262 3931 459 3969; x_wconf 85' lang='lat' dir='ltr'><strong>annum</strong></span> <span class='ocrx_word' id='word_1_408' title='bbox 484 3913 593 3967; x_wconf 79' lang='lat' dir='ltr'><strong>fere</strong></span> <span class='ocrx_word' id='word_1_409' title='bbox 617 3929 689 3978; x_wconf 85' lang='lat' dir='ltr'><strong>n.,</strong></span> <span class='ocrx_word' id='word_1_410' title='bbox 714 3918 774 3965; x_wconf 88' lang='lat' dir='ltr'><strong>ut</strong></span> <span class='ocrx_word' id='word_1_411' title='bbox 793 3913 1018 3967; x_wconf 89' lang='lat' dir='ltr'><strong>Germen</strong></span> <span class='ocrx_word' id='word_1_412' title='bbox 1034 3912 1201 3965; x_wconf 74' lang='lat' dir='ltr'><strong>David</strong></span> <span class='ocrx_word' id='word_1_413' title='bbox 1217 3911 1376 3965; x_wconf 86' lang='lat' dir='ltr'><strong>fidem</strong></span> <span class='ocrx_word' id='word_1_414' title='bbox 1391 3911 1536 3966; x_wconf 81' lang='lat' dir='ltr'><strong>facit.</strong></span> <span class='ocrx_word' id='word_1_415' title='bbox 1572 3911 1703 3964; x_wconf 81' lang='lat' dir='ltr'><strong>Toto</strong></span> <span class='ocrx_word' id='word_1_416' title='bbox 1725 3911 1888 3981; x_wconf 86' lang='lat' dir='ltr'><strong>igitur</strong></span> <span class='ocrx_word' id='word_1_417' title='bbox 1909 3910 1999 3965; x_wconf 91' lang='lat' dir='ltr'><strong>illo</strong></span> <span class='ocrx_word' id='word_1_418' title='bbox 2023 3916 2254 3984; x_wconf 88' lang='lat' dir='ltr'><strong>tempore</strong></span> <span class='ocrx_word' id='word_1_419' title='bbox 2277 3911 2375 3963; x_wconf 77' lang='grc' dir='ltr'><strong>ἀπὸ</strong></span> <span class='ocrx_word' id='word_1_420' title='bbox 2399 3915 2483 3977; x_wconf 72' lang='grc' dir='ltr'><strong>τῆς</strong></span> <span class='ocrx_word' id='word_1_421' title='bbox 2510 3910 2604 3981; x_wconf 80' lang='grc' dir='ltr'><strong>φά-</strong></span> 
     </span>
     <span class='ocr_line' id='line_1_42' title="bbox 263 3995 2604 4070; baseline -0.001 -16"><span class='ocrx_word' id='word_1_422' title='bbox 263 4018 383 4061; x_wconf 70' lang='grc' dir='ltr'><strong>σεως</strong></span> <span class='ocrx_word' id='word_1_423' title='bbox 417 4006 580 4070; x_wconf 83' lang='lat' dir='ltr'><strong>atque</strong></span> <span class='ocrx_word' id='word_1_424' title='bbox 608 4016 677 4052; x_wconf 83' lang='lat' dir='ltr'><strong>ex</strong></span> <span class='ocrx_word' id='word_1_425' title='bbox 712 3997 985 4052; x_wconf 66' lang='lat' dir='ltr'><strong>Israelitici</strong></span> <span class='ocrx_word' id='word_1_426' title='bbox 1016 4013 1295 4051; x_wconf 86' lang='lat' dir='ltr'><strong>consessus</strong></span> <span class='ocrx_word' id='word_1_427' title='bbox 1326 3998 1648 4067; x_wconf 84' lang='lat' dir='ltr'><strong>praescripto</strong></span> <span class='ocrx_word' id='word_1_428' title='bbox 1671 3998 1974 4050; x_wconf 87' lang='lat' dir='ltr'><strong>neomenias</strong></span> <span class='ocrx_word' id='word_1_429' title='bbox 1999 3998 2324 4053; x_wconf 85' lang='lat' dir='ltr'><strong>ordinabant.</strong></span> <span class='ocrx_word' id='word_1_430' title='bbox 2373 3995 2604 4060; x_wconf 87' lang='lat' dir='ltr'><strong>Quarum</strong></span> 
     </span>
     <span class='ocr_line' id='line_1_43' title="bbox 263 4081 2602 4157; baseline -0.001 -18"><span class='ocrx_word' id='word_1_431' title='bbox 263 4086 474 4157; x_wconf 79' lang='lat' dir='ltr'><strong>quidem</strong></span> <span class='ocrx_word' id='word_1_432' title='bbox 497 4083 979 4139; x_wconf 84' lang='lat' dir='ltr'><strong>constituendarum</strong></span> <span class='ocrx_word' id='word_1_433' title='bbox 1003 4098 1066 4136; x_wconf 90' lang='lat' dir='ltr'><strong>ea</strong></span> <span class='ocrx_word' id='word_1_434' title='bbox 1088 4082 1363 4152; x_wconf 83' lang='lat' dir='ltr'><strong>disciplina</strong></span> <span class='ocrx_word' id='word_1_435' title='bbox 1385 4081 1501 4138; x_wconf 74' lang='lat' dir='ltr'><strong>ruit.</strong></span> <span class='ocrx_word' id='word_1_436' title='bbox 1549 4082 1714 4135; x_wconf 86' lang='lat' dir='ltr'><strong>Veros</strong></span> <span class='ocrx_word' id='word_1_437' title='bbox 1739 4087 1791 4135; x_wconf 94' lang='lat' dir='ltr'><strong>et</strong></span> <span class='ocrx_word' id='word_1_438' title='bbox 1813 4089 2086 4136; x_wconf 84' lang='lat' dir='ltr'><strong>accuratos</strong></span> <span class='ocrx_word' id='word_1_439' title='bbox 2108 4083 2265 4137; x_wconf 88' lang='lat' dir='ltr'><strong>lunae</strong></span> <span class='ocrx_word' id='word_1_440' title='bbox 2287 4089 2464 4135; x_wconf 89' lang='lat' dir='ltr'><strong>motus</strong></span> <span class='ocrx_word' id='word_1_441' title='bbox 2478 4122 2492 4147; x_wconf 93' lang='lat'><strong>,</strong></span> <span class='ocrx_word' id='word_1_442' title='bbox 2527 4090 2602 4137; x_wconf 88' lang='lat' dir='ltr'><strong>at·</strong></span> 
     </span>
     <span class='ocr_line' id='line_1_44' title="bbox 264 4168 2604 4262; baseline -0 -37"><span class='ocrx_word' id='word_1_443' title='bbox 264 4188 390 4242; x_wconf 78' lang='lat' dir='ltr'><strong>que,</strong></span> <span class='ocrx_word' id='word_1_444' title='bbox 414 4178 478 4224; x_wconf 89' lang='lat' dir='ltr'><strong>ut</strong></span> <span class='ocrx_word' id='word_1_445' title='bbox 497 4172 762 4241; x_wconf 84' lang='lat' dir='ltr'><strong>loquutur,</strong></span> <span class='ocrx_word' id='word_1_446' title='bbox 798 4174 874 4262; x_wconf 72' lang='grc' dir='ltr'><strong>ΡἿ</strong></span> <span class='ocrx_word' id='word_1_447' title='bbox 1012 4176 1057 4229; x_wconf 74' lang='lat'>2</span> <span class='ocrx_word' id='word_1_448' title='bbox 1089 4184 1158 4222; x_wconf 86' lang='lat' dir='ltr'><strong>ex</strong></span> <span class='ocrx_word' id='word_1_449' title='bbox 1187 4168 1551 4222; x_wconf 85' lang='lat' dir='ltr'><strong>astronomicis</strong></span> <span class='ocrx_word' id='word_1_450' title='bbox 1572 4168 1769 4221; x_wconf 84' lang='lat' dir='ltr'><strong>tabulis</strong></span> <span class='ocrx_word' id='word_1_451' title='bbox 1794 4184 2072 4223; x_wconf 87' lang='lat' dir='ltr'><strong>consessus</strong></span> <span class='ocrx_word' id='word_1_452' title='bbox 2095 4169 2182 4221; x_wconf 89' lang='lat' dir='ltr'><strong>ille</strong></span> <span class='ocrx_word' id='word_1_453' title='bbox 2205 4168 2604 4238; x_wconf 79' lang='lat' dir='ltr'><strong>diligentissime</strong></span> 
     </span>
     <span class='ocr_line' id='line_1_45' title="bbox 263 4254 2603 4328; baseline -0.001 -18"><span class='ocrx_word' id='word_1_454' title='bbox 263 4257 599 4310; x_wconf 84' lang='lat' dir='ltr'><strong>scrutabatur</strong></span> <span class='ocrx_word' id='word_1_455' title='bbox 629 4255 879 4328; x_wconf 84' lang='lat' dir='ltr'><strong>explorab</strong></span> <span class='ocrx_word' id='word_1_456' title='bbox 970 4271 1039 4308; x_wconf 91' lang='lat' dir='ltr'><strong>ue</strong></span> <span class='ocrx_word' id='word_1_457' title='bbox 1072 4271 1201 4309; x_wconf 90' lang='lat' dir='ltr'><strong>num</strong></span> <span class='ocrx_word' id='word_1_458' title='bbox 1234 4256 1363 4308; x_wconf 80' lang='lat' dir='ltr'><strong>luna</strong></span> <span class='ocrx_word' id='word_1_459' title='bbox 1396 4270 1491 4307; x_wconf 90' lang='lat' dir='ltr'><strong>suo</strong></span> <span class='ocrx_word' id='word_1_460' title='bbox 1524 4258 1760 4324; x_wconf 88' lang='lat' dir='ltr'><strong>tempore</strong></span> <span class='ocrx_word' id='word_1_461' title='bbox 1782 4254 2059 4308; x_wconf 78' lang='lat' dir='ltr'><strong>videndam</strong></span> <span class='ocrx_word' id='word_1_462' title='bbox 2099 4270 2155 4305; x_wconf 87' lang='lat' dir='ltr'><strong>se</strong></span> <span class='ocrx_word' id='word_1_463' title='bbox 2195 4254 2489 4323; x_wconf 87' lang='lat' dir='ltr'><strong>praeberet,</strong></span> <span class='ocrx_word' id='word_1_464' title='bbox 2525 4257 2603 4308; x_wconf 86' lang='lat' dir='ltr'><strong>ni-</strong></span> 
     </span>
     <span class='ocr_line' id='line_1_46' title="bbox 264 4338 2605 4411; baseline -0.001 -15"><span class='ocrx_word' id='word_1_465' title='bbox 264 4344 457 4396; x_wconf 81' lang='lat' dir='ltr'><strong>mirum</strong></span> <span class='ocrx_word' id='word_1_466' title='bbox 489 4342 751 4396; x_wconf 65' lang='lat' dir='ltr'><strong>uicesima</strong></span> <span class='ocrx_word' id='word_1_467' title='bbox 784 4347 961 4407; x_wconf 88' lang='lat' dir='ltr'><strong>nocte,</strong></span> <span class='ocrx_word' id='word_1_468' title='bbox 994 4347 1058 4395; x_wconf 89' lang='lat' dir='ltr'><strong>ut</strong></span> <span class='ocrx_word' id='word_1_469' title='bbox 1087 4342 1140 4395; x_wconf 91' lang='lat' dir='ltr'><strong>in</strong></span> <span class='ocrx_word' id='word_1_470' title='bbox 1176 4355 1295 4397; x_wconf 89' lang='lat' dir='ltr'><strong>eam</strong></span> <span class='ocrx_word' id='word_1_471' title='bbox 1319 4338 1459 4411; x_wconf 76' lang='grc' dir='ltr'>φάσις</span> <span class='ocrx_word' id='word_1_472' title='bbox 1489 4340 1765 4405; x_wconf 85' lang='lat' dir='ltr'><strong>incideret,</strong></span> <span class='ocrx_word' id='word_1_473' title='bbox 1799 4342 1909 4393; x_wconf 82' lang='lat' dir='ltr'><strong>sive</strong></span> <span class='ocrx_word' id='word_1_474' title='bbox 1942 4340 2112 4409; x_wconf 90' lang='lat' dir='ltr'><strong>prima</strong></span> <span class='ocrx_word' id='word_1_475' title='bbox 2145 4339 2408 4404; x_wconf 83' lang='lat' dir='ltr'><strong>accensio,</strong></span> <span class='ocrx_word' id='word_1_476' title='bbox 2444 4355 2605 4410; x_wconf 86' lang='lat' dir='ltr'><strong>quam</strong></span> 
     </span>
     <span class='ocr_line' id='line_1_47' title="bbox 268 4425 2601 4496; baseline 0 -16"><span class='ocrx_word' id='word_1_477' title='bbox 268 4434 447 4491; x_wconf 55' lang='grc' dir='ltr'><strong>’,φη-ι</strong></span> <span class='ocrx_word' id='word_1_478' title='bbox 482 4432 691 4483; x_wconf 81' lang='lat' dir='ltr'><strong>vocant.</strong></span> <span class='ocrx_word' id='word_1_479' title='bbox 758 4429 834 4481; x_wconf 85' lang='lat' dir='ltr'><strong>Ao</strong></span> <span class='ocrx_word' id='word_1_480' title='bbox 869 4428 915 4481; x_wconf 88' lang='lat' dir='ltr'><strong>si</strong></span> <span class='ocrx_word' id='word_1_481' title='bbox 948 4425 1229 4480; x_wconf 82' lang='lat' dir='ltr'><strong>intuendae</strong></span> <span class='ocrx_word' id='word_1_482' title='bbox 1258 4425 1401 4480; x_wconf 85' lang='lat' dir='ltr'><strong>illius</strong></span> <span class='ocrx_word' id='word_1_483' title='bbox 1434 4426 1640 4496; x_wconf 86' lang='lat' dir='ltr'><strong>copiam</strong></span> <span class='ocrx_word' id='word_1_484' title='bbox 1672 4426 1784 4479; x_wconf 81' lang='lat' dir='ltr'><strong>fore</strong></span> <span class='ocrx_word' id='word_1_485' title='bbox 1816 4430 2211 4494; x_wconf 80' lang='lat' dir='ltr'><strong>cognoscerent,</strong></span> <span class='ocrx_word' id='word_1_486' title='bbox 2247 4425 2601 4494; x_wconf 83' lang='lat' dir='ltr'><strong>speculatores</strong></span> 
     </span>
     <span class='ocr_line' id='line_1_48' title="bbox 267 4509 2601 4584; baseline 0.002 -18"><span class='ocrx_word' id='word_1_487' title='bbox 267 4513 605 4584; x_wconf 88' lang='lat' dir='ltr'><strong>apponebant</strong></span> <span class='ocrx_word' id='word_1_488' title='bbox 617 4553 630 4577; x_wconf 94' lang='lat'>‚</span> <span class='ocrx_word' id='word_1_489' title='bbox 651 4513 741 4583; x_wconf 89' lang='lat' dir='ltr'><strong>qui</strong></span> <span class='ocrx_word' id='word_1_490' title='bbox 758 4512 937 4566; x_wconf 85' lang='lat' dir='ltr'><strong>statim</strong></span> <span class='ocrx_word' id='word_1_491' title='bbox 953 4528 1014 4565; x_wconf 83' lang='lat' dir='ltr'><strong>ae</strong></span> <span class='ocrx_word' id='word_1_492' title='bbox 1029 4517 1331 4567; x_wconf 83' lang='lat' dir='ltr'><strong>nascentem</strong></span> <span class='ocrx_word' id='word_1_493' title='bbox 1349 4513 1528 4565; x_wconf 85' lang='lat' dir='ltr'><strong>lunam</strong></span> <span class='ocrx_word' id='word_1_494' title='bbox 1544 4515 1947 4583; x_wconf 86' lang='lat' dir='ltr'><strong>prospexerant,</strong></span> <span class='ocrx_word' id='word_1_495' title='bbox 1967 4509 2198 4563; x_wconf 85' lang='lat' dir='ltr'><strong>Concilio</strong></span> <span class='ocrx_word' id='word_1_496' title='bbox 2217 4512 2601 4571; x_wconf 85' lang='lat' dir='ltr'><strong>renuntiabant.</strong></span> 
     </span>
     <span class='ocr_line' id='line_1_49' title="bbox 268 4596 2603 4669; baseline 0 -17"><span class='ocrx_word' id='word_1_497' title='bbox 268 4598 371 4653; x_wconf 79' lang='lat' dir='ltr'><strong>Sed</strong></span> <span class='ocrx_word' id='word_1_498' title='bbox 395 4600 452 4652; x_wconf 88' lang='lat' dir='ltr'><strong>in</strong></span> <span class='ocrx_word' id='word_1_499' title='bbox 474 4598 688 4651; x_wconf 85' lang='lat' dir='ltr'><strong>testium</strong></span> <span class='ocrx_word' id='word_1_500' title='bbox 708 4598 911 4652; x_wconf 86' lang='lat' dir='ltr'><strong>delectu</strong></span> <span class='ocrx_word' id='word_1_501' title='bbox 927 4613 1136 4651; x_wconf 86' lang='lat' dir='ltr'><strong>morosa</strong></span> <span class='ocrx_word' id='word_1_502' title='bbox 1153 4613 1215 4651; x_wconf 84' lang='lat' dir='ltr'><strong>ac</strong></span> <span class='ocrx_word' id='word_1_503' title='bbox 1232 4598 1595 4666; x_wconf 76' lang='lat' dir='ltr'><strong>superstitiosa</strong></span> <span class='ocrx_word' id='word_1_504' title='bbox 1611 4596 1882 4668; x_wconf 81' lang='lat' dir='ltr'><strong>diligentia</strong></span> <span class='ocrx_word' id='word_1_505' title='bbox 1905 4610 2036 4664; x_wconf 88' lang='lat' dir='ltr'><strong>opus</strong></span> <span class='ocrx_word' id='word_1_506' title='bbox 2059 4600 2195 4661; x_wconf 88' lang='lat' dir='ltr'><strong>erat,</strong></span> <span class='ocrx_word' id='word_1_507' title='bbox 2222 4612 2380 4666; x_wconf 83' lang='lat' dir='ltr'><strong>quam</strong></span> <span class='ocrx_word' id='word_1_508' title='bbox 2403 4599 2603 4669; x_wconf 79' lang='lat' dir='ltr'><strong>aliquot</strong></span> 
     </span>
     <span class='ocr_line' id='line_1_50' title="bbox 269 4681 2602 4756; baseline 0.001 -18"><span class='ocrx_word' id='word_1_509' title='bbox 269 4684 528 4756; x_wconf 78' lang='lat' dir='ltr'><strong>capitibus</strong></span> <span class='ocrx_word' id='word_1_510' title='bbox 550 4683 840 4741; x_wconf 80' lang='lat' dir='ltr'><strong>Talmudici</strong></span> <span class='ocrx_word' id='word_1_511' title='bbox 871 4689 1077 4738; x_wconf 84' lang='lat' dir='ltr'><strong>autores</strong></span> <span class='ocrx_word' id='word_1_512' title='bbox 1111 4683 1392 4756; x_wconf 84' lang='lat' dir='ltr'><strong>explicant.</strong></span> <span class='ocrx_word' id='word_1_513' title='bbox 1463 4681 1566 4738; x_wconf 89' lang='lat' dir='ltr'><strong>Ubi</strong></span> <span class='ocrx_word' id='word_1_514' title='bbox 1598 4683 1661 4739; x_wconf 91' lang='lat' dir='ltr'><strong>de</strong></span> <span class='ocrx_word' id='word_1_515' title='bbox 1693 4682 1896 4739; x_wconf 80' lang='lat' dir='ltr'><strong>visione</strong></span> <span class='ocrx_word' id='word_1_516' title='bbox 1927 4686 2263 4750; x_wconf 78' lang='lat' dir='ltr'><strong>convenerat,</strong></span> <span class='ocrx_word' id='word_1_517' title='bbox 2293 4688 2408 4739; x_wconf 85' lang='lat' dir='ltr'><strong>tum</strong></span> <span class='ocrx_word' id='word_1_518' title='bbox 2436 4685 2602 4756; x_wconf 84' lang='lat' dir='ltr'><strong>legati</strong></span> 
     </span>
    </p>
   </div>
   <div class='ocr_carea' id='block_1_8' title="bbox 2654 2008 2803 2059">
    <p class='ocr_par' dir='ltr' id='par_1_9' title="bbox 2654 2008 2803 2059">
     <span class='ocr_line' id='line_1_51' title="bbox 2654 2008 2803 2059; baseline 0 -12"><span class='ocrx_word' id='word_1_519' title='bbox 2654 2020 2697 2059; x_wconf 83' lang='lat' dir='ltr'><strong>p.</strong></span> <span class='ocrx_word' id='word_1_520' title='bbox 2716 2008 2803 2049; x_wconf 73' lang='lat'><strong>151.</strong></span> 
     </span>
    </p>
   </div>
  </div>
 </body>
</html>
