3185 5219
579 398 934 452 cccxxxiv

1545 788 1935 889 mnEx

641 959 1048 1051 RERUM
1133 960 1284 1050 ET
1367 959 2019 1052 VERBORUM
2101 964 2847 1055 NOTABILIUM

1676 1149 1815 1190 QUAE

691 1253 768 1317 IN
822 1252 1683 1318 ANIMADVERSIONIBUS
1732 1253 1801 1318 D.
1838 1254 2162 1320 PETAVII
2208 1258 2809 1328 REPERIUNTUR.

587 1676 848 1730 Abraham
884 1679 1198 1747 genealogia
1241 1693 1271 1730 a
1307 1676 1430 1730 Sem
1467 1686 1584 1747 post
1622 1676 1697 1729 di-

654 1763 850 1815 luvium
1584 1762 1699 1814 222.

587 1848 833 1900 Abraami
854 1849 1179 1900 circumcisio
1206 1864 1309 1917 quo
1337 1849 1523 1901 aetatis
1558 1863 1701 1900 anno

654 1933 790 1984 faeta
1626 1933 1705 1987 1⁴2.

590 2018 669 2070 Ab
707 2019 906 2070 Adamo
951 2017 1017 2070 ad
1051 2017 1220 2071 ‘l'hare
1264 2026 1391 2087 quot
1427 2034 1704 2070 numeren-

655 2109 740 2154 tur
774 2102 899 2155 anni
1657 2102 1705 2153 9.

589 2189 834 2240 Actiacae
870 2203 1078 2258 pugnae
1115 2197 1321 2257 tempus
1369 2205 1433 2241 ex
1470 2187 1702 2257 Josepho

1598 2274 1709 2325 121.

592 2358 792 2410 Adamo
846 2374 949 2428 quo
996 2373 1134 2411 anno
1180 2365 1300 2428 post
1348 2358 1527 2411 orbem
1586 2374 1708 2411 con·

658 2442 824 2496 ditum
861 2444 1080 2497 Abelum
1117 2445 1354 2513 genuerit
1589 2443 1708 2497 269.

592 2524 883 2598 Ἀδριὰνιιον
918 2531 1170 2599 templum
1220 2530 1287 2581 ab
1326 2528 1551 2582 Adriano
1588 2545 1711 2583 cou-

658 2621 914 2668 structum
1592 2614 1711 2670 283.

593 2702 967 2771 Aegyptiorum
1029 2700 1301 2770 dynastiae
1346 2710 1474 2771 quot
1519 2700 1713 2755 fuerint

661 2792 714 2839 et
748 2802 852 2856 quo
889 2786 1068 2840 ordine
1632 2786 1709 2839 1⁶2.

595 2871 871 2940 Aegialeus
907 2873 1104 2941 primus
1130 2888 1221 2925 rex
1245 2864 1592 2941 Sicyonorum
1632 2871 1713 2923 cui

663 2959 919 3010 successit
949 2957 1159 3027 Europa
1638 2956 1713 3010 12.

597 3042 776 3095 Aelam
815 3043 939 3095 urbs
976 3059 1042 3096 an
1080 3044 1148 3095 sit
1181 3042 1362 3096 eadem
1401 3058 1536 3112 quae
1563 3042 1715 3095 Bere·

665 3127 780 3181 nice
1597 3125 1713 3182 263.

599 3215 803 3264 Aeones
828 3227 895 3264 an
922 3211 1117 3264 fuerint
1135 3212 1355 3282 quilibet
1381 3212 1710 3282 hermaphro-

598 3297 834 3434 Δοῖιιξιιιω
890 3380 1107 3435 nomina
1162 3381 1297 3435 unde
1350 3380 1601 3434 fluxerint
1629 3296 1716 3435 figi:

666 3473 795 3537 quot
828 3483 1007 3519 eorum
1032 3469 1233 3537 species
1630 3467 1714 3521 66.

600 3552 702 3605 Ater
736 3568 856 3622 pars
881 3553 1070 3616 balnei,
1094 3561 1145 3605 et
1180 3569 1439 3622 quaenam
1479 3553 1570 3606 illa
1603 3552 1714 3606 fue-

602 3647 735 3777 Aelrla:
771 3724 1002 3794 vulgaris
1041 3723 1415 3796 Dionysianam
1464 3638 1717 3794 antici151alt

1610 3809 1719 3862 113.

604 3898 741 3949 Aera
775 3894 1005 3963 vulgaris
1043 3894 1303 3965 quomodo
1346 3895 1512 3964 possit
1546 3895 1719 3947 conci-

671 3980 788 4033 liari
1607 3982 1716 4033 112.

604 4068 739 4118 Aera
775 4064 1096 4135 Dionysiana
1129 4065 1310 4136 incipit
1345 4083 1482 4119 anno
1518 4065 1585 4118 45
1623 4065 1716 4119 Ju-

671 4152 809 4205 liano
1606 4152 1716 4206 106.

604 4238 740 4289 Aera
785 4235 1110 4305 Dionysiana
1164 4237 1496 4290 examinatur
1540 4254 1605 4290 ex
1654 4238 1716 4290 iis

674 4337 810 4391 quae
847 4322 1163 4390 objiciuntur
1199 4338 1265 4375 ex
1301 4321 1531 4393 Josepho
1602 4323 1716 4377 119.

607 4405 817 4459 Adriani
851 4407 1048 4461 similes
1070 4405 1345 4462 haereticis
1387 4409 1553 4463 nostri
1587 4416 1718 4462 tem·

677 4492 819 4559 poris
1600 4492 1718 4548 228.

608 4575 793 4627 Δὸῑίω
838 4576 973 4629 unde
1016 4592 1144 4632 auos
1190 4579 1508 4633 adversarios
1554 4577 1720 4648 χρονί·

680 4675 766 4719 τας
803 4663 1061 4715 vocaverit
1599 4661 1717 4717 330.

1805 1576 2134 1631 Alabastritis
2180 1582 2447 1650 provincia
2482 1590 2533 1638 et
2571 1586 2697 1638 urbs
2734 1586 2914 1639 Alaba-

1871 1669 1980 1715 stra
2804 1671 2917 1726 271.

1807 1749 2103 1801 Alexander
2146 1766 2212 1802 an
2259 1750 2413 1804 fuerit
2460 1769 2551 1806 rex
2597 1756 2816 1809 ultimus
2857 1757 2918 1810 de

1872 1835 2008 1886 tribu
2043 1834 2181 1886 suda
2840 1842 2918 1897 25.

1808 1920 2105 1972 Alexandra
2138 1938 2272 1974 uxor
2308 1925 2576 1994 utriusque
2608 1927 2783 1979 fratris
2809 1928 2918 1980 Ale·

1876 2004 2063 2057 xandri
2097 2015 2150 2058 et
2185 2008 2467 2062 Aristobuli
2836 2012 2918 2067 52.

1810 2090 2084 2159 Alphabeti
2107 2091 2402 2145 distributio
2426 2095 2476 2146 in
2504 2105 2610 2148 tres
2637 2107 2809 2167 partes
2843 2100 2920 2154 72.

1813 2177 2039 2228 Anatolii
2073 2177 2297 2248 insignis
2332 2181 2477 2233 locus
2513 2183 2829 2252 expenditur
2860 2185 2921 2238 de

1879 2261 2115 2315 Paschali
2156 2263 2230 2315 14.
2251 2263 2663 2321 Christianorum
2815 2270 2925 2325 188.

1815 2348 2023 2400 Anatoli
2058 2349 2203 2401 locus
2239 2350 2531 2418 explicatur
2554 2352 2808 2409 adversus
2833 2355 2924 2409 Be-

1881 2433 1977 2485 dae
2010 2436 2323 2490 sententiam
2739 2458 2790 2511 p.
2817 2442 2924 2496 190.

1816 2520 2039 2572 Anatolii
2074 2522 2229 2574 verba
2261 2523 2592 2593 explicantur
2819 2526 2926 2581 106.

1814 2604 2041 2659 Anatolii
2076 2605 2141 2660 de
2176 2607 2288 2661 loco
2324 2608 2491 2662 altera
2523 2622 2576 2664 et
2612 2614 2928 2682 probabilior

1882 2692 2177 2761 conjectura
2211 2696 2516 2764 proponitur
2823 2700 2927 2753 199.

1820 2777 2003 2846 Angeli
2047 2793 2112 2830 an
2160 2777 2355 2832 fuerint
2395 2783 2555 2835 creati
2595 2789 2719 2836 ante
2763 2785 2929 2838 coelo-

1882 2879 1997 2915 rum
2033 2864 2351 2918 creationem
2816 2869 2928 2925 263.

1817 2948 2002 3016 Angeli
2051 2949 2139 3017 qui
2186 2952 2562 3005 adamaverunt.
2594 2954 2732 3006 filias
2770 2952 2928 3009 homi·

1886 3050 2011 3086 num
2064 3035 2246 3104 quales
2300 3036 2497 3090 fuerint
2548 3056 2616 3092 ex
2674 3041 2932 3094 sententia

1885 3125 2118 3172 veterum
2154 3123 2501 3191 quorumdam
2818 3126 2929 3181 261.

1820 3206 2137 3274 Angelorum
2202 3206 2562 3262 invocationes
2627 3212 2853 3281 qualiter
2900 3228 2934 3264 a

1883 3291 2053 3359 magis
2088 3290 2201 3344 fieri
2238 3293 2478 3348 dicantur
2850 3298 2930 3351 40.

1818 3377 2094 3429 Annalium
2143 3380 2422 3448 scriptores
2470 3379 2705 3434 hodierni
2742 3398 2847 3452 qua
2881 3384 2932 3435 in

1884 3477 1941 3514 re
1981 3461 2048 3515 ab
2071 3464 2301 3532 antiquis
2325 3464 2620 3536 discrepent
2642 3467 2932 3536 disquisitio

2662 3553 2782 3607 307.
2816 3552 2933 3607 308.

1820 3635 1999 3686 Annus
2036 3650 2067 3686 a
2103 3651 2206 3703 quo
2229 3652 2405 3688 mense
2426 3637 2633 3691 initium
2654 3640 2936 3710 sumpserit

1886 3726 1994 3771 tam
2015 3722 2150 3789 apud
2172 3719 2491 3776 Christianos
2511 3739 2669 3793 quam
2686 3724 2827 3795 apud
2846 3724 2935 3778 Ju-

1888 3805 2045 3858 daeos
2855 3810 2936 3865 49.

1824 3893 2004 3945 Annus
2039 3893 2344 3947 sabbaticus
2381 3895 2588 3963 quando
2625 3894 2786 3949 fuerit
2852 3896 2932 3951 51.

1823 3980 2007 4031 Annus
2042 3994 2146 4048 quo
2183 3979 2415 4049 plerique
2453 3988 2687 4034 veterum
2722 3998 2936 4052 passum

1887 4063 2154 4117 dominum
2190 4072 2379 4135 putant
2828 4067 2936 4121 174.

1821 4153 1998 4203 Annus
2034 4151 2408 4220 Aegyptiorum
2444 4152 2637 4222 duplex
2676 4151 2936 4222 quomodo

1885 4235 2218 4305 accipiendus
2830 4237 2937 4291 140.

1820 4323 2003 4374 Annus
2087 4322 2333 4393 baptismi
2416 4320 2609 4376 Christi
2691 4339 2760 4377 ex
2824 4322 2939 4393 Epi·

1887 4405 2080 4476 phanio
2132 4408 2189 4461 in
2242 4405 2291 4462 8.
2342 4405 2597 4462 Novemb.
2651 4409 2936 4462 secundum

1889 4491 2102 4547 Latinos
2135 4494 2190 4546 in
2228 4492 2275 4547 6.
2299 4491 2512 4547 Januar.
2555 4494 2687 4558 168..
2737 4503 2792 4547 et
2824 4510 2939 4566 pas-

1890 4578 2054 4632 sionis
2088 4595 2256 4633 annus
2302 4595 2370 4632 ex
2422 4580 2606 4635 eodem
2643 4578 2940 4652 Epiphanio

2818 4667 2940 4720 ibid.
