3185 5219
602 377 876 432 cccxml

593 548 785 604 Osculo
850 549 1187 604 abstinebant
1245 549 1427 605 fideles
1478 555 1710 621 tempore

653 635 978 705 jejuniorum
1588 635 1708 692 352.

596 718 734 772 ‘neti
774 720 1034 790 quomodo
1061 721 1200 792 apud
1227 721 1457 775 Graecos
1494 738 1708 792 usurpe-

662 813 746 860 tur
1599 807 1710 863 109.

594 893 778 946 Osseni
814 899 986 945 utrum
1011 893 1206 946 luerint
1225 893 1384 946 iidem
1409 893 1499 963 qui
1522 892 1707 948 Esseni

667 976 734 1030 37
771 978 907 1031 unde
941 976 1064 1031 dicti
1089 994 1156 1030 ex
1192 979 1437 1049 opinione
1459 979 1714 1048 Scaligeri

1458 1064 1543 1119 37.
1568 1064 1710 1119 οῐ38.

592 1148 777 1202 Ovatio
822 1147 958 1202 dicta
1009 1163 1076 1201 ex
1123 1147 1231 1200 Ουὰ
1289 1164 1417 1203 voce
1483 1150 1712 1203 laetitiae

1117 1394 1184 1457 P.

589 1492 810 1546 Pamelii
855 1508 997 1545 error
1050 1491 1186 1562 apud
1231 1491 1609 1545 Tertullianum
1653 1492 1706 1545 in

652 1577 972 1631 Parasceues
1007 1578 1428 1648 interpretatione
1588 1575 1707 1632 358.

590 1662 911 1734 Paphnutius
946 1664 1121 1735 plures
1158 1663 1269 1734 ejus
1293 1664 1457 1717 fuisse
1481 1663 1710 1717 nominis

588 1833 871 1889 Paradisus
907 1833 1165 1888 terrestris
1200 1833 1293 1889 ubi
1324 1833 1487 1889 fuerit
1518 1835 1710 1889 consti-

657 1927 800 1973 tutus
1588 1919 1707 1977 271.

588 2003 786 2058 Pascha
824 2012 973 2058 vetus
1019 2006 1119 2059 fuit
1159 2011 1317 2076 typus
1350 2006 1583 2077 perpetui
1622 2022 1703 2060 sa·

655 2091 909 2144 oramenti
1617 2092 1700 2147 80.

590 2177 792 2231 Pascha
822 2177 883 2229 14
906 2177 1101 2230 mensis
1126 2177 1302 2231 Martii
1327 2193 1361 2229 a
1394 2177 1588 2248 quibus
1622 2194 1704 2233 oe·

656 2263 846 2316 lebrari
890 2263 1128 2325 solitum,
1184 2269 1240 2315 et
1294 2264 1508 2317 omnino
1564 2265 1705 2317 circa

655 2348 926 2401 Paschatis
960 2349 1362 2403 celebrationem
1410 2351 1578 2405 multa
1615 2367 1708 2404 no·

657 2440 768 2488 tatu
789 2434 1100 2504 dignissima
1311 2434 1401 2489 85.
1439 2435 1522 2489 86.
1548 2441 1600 2489 et
1625 2434 1708 2491 87.

585 2521 642 2574 in
663 2518 913 2574 Paschate
937 2520 1243 2575 celebrando
1266 2521 1364 2574 tria
1387 2527 1514 2574 sunt
1536 2522 1712 2574 obser-

655 2606 824 2661 vanda
1586 2606 1709 2661 292.

586 2692 850 2747 Paschalis
896 2692 998 2746 diei
1045 2692 1268 2746 varietas
1313 2709 1405 2764 per
1439 2694 1709 2747 octaeteri-

656 2778 746 2833 des
783 2784 836 2832 et
870 2779 1113 2848 syzygias
1150 2779 1431 2849 exponitur
1483 2778 1583 2832 297
1609 2778 1710 2833 298

586 2864 865 2918 Paschatis
920 2864 1184 2917 contentio
1237 2862 1378 2933 apud
1423 2864 1613 2919 Scotos
1658 2869 1709 2917 et

656 2951 855 3019 Anglos
890 2949 1204 3020 gravissima
1594 2950 1706 3003 194.

583 3034 856 3090 Paschatis
883 3034 1184 3105 depravatio
1210 3033 1347 3105 apud
1384 3034 1707 3089 Christianos

656 3120 850 3191 duplex
1584 3119 1704 3174 303.

589 3205 792 3260 Pascha
814 3204 925 3258 dies
961 3221 1156 3275 magua
1183 3204 1293 3258 dies
1318 3204 1455 3259 dicta
1489 3211 1543 3260 et
1575 3212 1706 3260 tem·

656 3306 781 3361 pore
825 3289 1056 3361 paschali
1103 3290 1262 3343 vincti
1298 3306 1502 3345 carcere
1536 3293 1706 3345 solve·

659 3377 847 3429 bantur
1582 3377 1700 3431 365.

586 3460 844 3515 Paschata
872 3461 972 3514 tria
996 3460 1154 3531 juxta
1177 3463 1526 3516 narrationem
1551 3478 1708 3516 evan-

656 3547 964 3616 gelistarum
1027 3546 1092 3599 ad
1137 3545 1412 3617 Epiphanii
1477 3555 1709 3603 mentem

659 3632 1053 3686 accommodata
1088 3631 1223 3696 207„
1260 3633 1482 3703 primum
1508 3633 1709 3687 Pascha

655 3718 778 3772 ibid.
797 3719 1078 3772 secundum
1097 3718 1231 3783 209„
1256 3720 1466 3772 tertium
1485 3728 1538 3773 et
1562 3738 1708 3771 σταυ·

658 3804 874 3873 ρώσιμον
898 3803 1020 3857 ibid.
1057 3804 1214 3858 trium
1238 3803 1550 3859 Paschatum
1586 3803 1707 3858 cha·

656 3895 826 3943 racter
1577 3889 1704 3942 ibid.

588 3975 891 4027 pastinacae
926 3990 1183 4028 venenum
1207 3973 1394 4028 dicitur
1417 3990 1532 4028 esse
1554 3990 1704 4045 prae·

655 4058 1010 4113 acutissimum
1618 4059 1702 4114 65.

589 4146 796 4210 Patres,
851 4142 991 4216 apud
1052 4144 1246 4198 interos
1293 4143 1530 4199 detentos
1577 4151 1634 4198 et
1675 4160 1708 4197 a

656 4230 858 4285 Christo
895 4231 1142 4284 liberatos
1622 4230 1707 4286 84.

589 4315 1006 4371 Patriarcharum
1038 4322 1089 4368 et
1115 4316 1488 4385 Apostolorum
1515 4333 1705 4369 nomen

657 4412 708 4453 et
752 4402 982 4470 dignitas
1037 4400 1244 4471 quando
1288 4402 1514 4472 primum
1558 4417 1707 4455 usur·

658 4487 767 4556 pari
786 4486 1013 4556 coeperit
1620 4486 1704 4543 55.

591 4572 740 4624 Pauli
775 4571 1249 4639 Middelburgensis
1294 4571 1519 4640 insignis
1552 4573 1701 4627 locus

1584 4658 1699 4713 145.

1810 551 1958 606 Pauli
1994 552 2467 623 Hiddelburgenais
2500 552 2694 607 dictam
2728 569 2924 608 memo-

1880 639 2043 692 rabile
2812 640 2922 693 120.

1808 723 1955 777 Pauli
1992 724 2464 795 Middelburgensis
2500 725 2765 778 somnium
2801 724 2925 792 1117.

1808 808 1955 862 Pauli
1980 810 2453 880 Middelburgenais
2487 811 2753 863 somnium
2779 810 2924 864 refel-

1877 895 2000 946 litur
2815 896 2925 950 147.

1816 977 1990 1030 ilibus
2013 981 2137 1033 item
2162 986 2214 1033 et
2238 977 2409 1050 βράκας
2433 996 2567 1051 quae
2590 980 2833 1037 dicantur
2852 998 2917 1035 ex

1881 1065 2089 1117 Polluce
2807 1065 2921 1122 225.

1814 1148 2075 1218 Peregrini
2093 1167 2233 1203 mors
2247 1167 2352 1221 quo
2362 1167 2501 1204 anno
2520 1152 2797 1221 contigerit
2817 1151 2924 1207 141.

1814 1235 2146 1288 Periodorum
2210 1236 2326 1289 libri
2382 1237 2532 1290 multi
2573 1236 2673 1290 hoc
2716 1240 2926 1291 nomine

1879 1321 2162 1392 apocryphi
2841 1323 2921 1379 59.

1807 1406 1991 1460 Petrus
2026 1423 2130 1460 uon
2170 1408 2367 1477 primus
2403 1415 2619 1462 vocatus
2642 1423 2676 1462 a
2700 1407 2920 1474 Christo,

1877 1494 2117 1564 quamvis
2136 1493 2336 1563 primus
2371 1494 2529 1547 fuerit
2562 1493 2816 1564 dignitate
2842 1495 2922 1549 91.

1806 1579 2082 1634 Pharisaei
2137 1578 2398 1648 quomodo
2440 1578 2607 1632 fatum
2650 1587 2705 1633 et
2738 1580 2923 1633 librum

1880 1664 2150 1718 arbitrium
2187 1663 2531 1718 admittebant
2836 1665 2917 1720 34.

1811 1749 2078 1803 Pharisaei
2113 1764 2146 1801 a
2180 1764 2306 1802 voce
2330 1748 2520 1802 Pharas
2557 1750 2698 1821 quod
2733 1757 2817 1804 est
2847 1767 2923 1803 se-

1880 1840 2094 1906 paratus
2840 1836 2920 1890 34.

1812 1920 2207 1974 Pharisaeorum
2233 1919 2539 1975 traditiones
2564 1929 2751 1976 eona-a
2782 1938 2922 1993 prae·

1875 2015 2083 2077 ceptum
2120 2007 2318 2060 domini
2843 2008 2921 2061 70.

1806 2090 2030 2162 Philippi
2064 2091 2355 2147 tetrarchae
2390 2092 2563 2146 obitus
2780 2094 2915 2150 .124.

1806 2176 2137 2247 Phosphorus
2173 2176 2347 2231 rhetor
2371 2177 2565 2233 latinus
2601 2186 2655 2232 et
2687 2179 2807 2249 ejus
2838 2196 2921 2232 va-

1876 2263 2015 2316 nitas
2048 2279 2114 2316 ex
2151 2262 2457 2317 Tertuliano
2844 2264 2922 2320 69.

1811 2348 2045 2417 Phryges
2082 2363 2114 2401 a
2135 2347 2427 2402 Thracibus
2464 2349 2671 2402 oriundi
2850 2349 2921 2404 10.

1812 2433 2143 2502 Phylacteria
2161 2450 2299 2504 quae
2322 2435 2519 2488 fuerint
2539 2451 2607 2489 ex
2637 2434 2922 2490 doctiorum

1882 2535 2042 2572 sensu
2843 2521 2920 2575 32.

1811 2604 2141 2659 poenitentia
2191 2604 2253 2660 fit
2306 2613 2400 2660 aut
2451 2612 2663 2678 propter
2716 2614 2924 2677 peccata

1879 2692 2147 2761 capitalia,
2181 2699 2276 2744 aut
2299 2698 2512 2763 propter
2528 2693 2758 2757 venalia,
2794 2708 2922 2762 qaae

1877 2778 1984 2831 sint
2018 2782 2238 2847 utraque
2720 2812 2731 2821 -
2810 2776 2922 2831 238.

1812 2862 2139 2915 Poenitentia
2208 2864 2378 2933 qualis
2432 2863 2590 2943 fuerit
2643 2863 2923 2917 constituta

1882 2948 2102 3001 concilio
2140 2949 2431 3001 Arelatensi
2474 2964 2520 3000 c.
2547 2946 2618 3001 23
2652 2950 2922 3018 Ancyrano

1878 3049 1923 3087 c.
1949 3033 2050 3085 232
2811 3034 2921 3088 232.

1808 3119 2138 3172 Poenitentia
2190 3118 2399 3188 publica
2450 3126 2664 3189 propter
2724 3120 2922 3173 occulta

1876 3211 2088 3274 peccata
2124 3203 2436 3274 quibusdam
2472 3204 2722 3275 imposita
2809 3205 2919 3258 248.

1807 3289 2135 3343 poenitentia
2166 3288 2269 3342 fuit
2286 3290 2423 3360 apud
2456 3291 2699 3360 antiquos
2740 3291 2923 3361 triplex

1809 3460 2134 3514 Poenitentia
2144 3461 2354 3530 publica
2374 3460 2731 3532 aquibusdam
2751 3477 2925 3531 pecca·

1878 3547 2079 3599 toribus
2126 3563 2231 3599 non
2280 3555 2466 3616 sponte
2512 3558 2786 3617 suscepta,
2836 3547 2925 3600 sed

1878 3633 2170 3686 necessario
2196 3640 2404 3701 peracta
2811 3631 2923 3685 238.

1811 3718 2135 3771 Poenitentia
2159 3719 2370 3787 publica
2390 3734 2498 3770 non
2523 3718 2783 3770 confessio
2806 3718 2925 3770 sub·

1879 3804 1987 3855 late.
2023 3803 2477 3872 Constantinopoli
2808 3801 2923 3855 243.

1808 3888 2163 3942 Paenitentiae
2211 3904 2316 3958 quo
2361 3888 2416 3941 in
2460 3888 2629 3956 gradu
2664 3888 2924 3941 absolutio

1874 3974 2267 4027 sacramentalis
2303 3973 2463 4026 fuerit
2496 3989 2751 4027 concessa
2795 3973 2926 4037 251„

1874 4060 1930 4112 in
1953 4060 2104 4112 tertio
2130 4058 2296 4127 gradu
2316 4060 2567 4128 probatur
2591 4059 2726 4122 252„
2749 4065 2926 4112 contra

1876 4161 1982 4198 non
2020 4144 2179 4197 videri
2812 4143 2923 4198 253.

1811 4231 2163 4283 Poenitentiae
2198 4229 2552 4299 capessendae
2590 4230 2723 4282 ritus
2759 4230 2923 4299 qualis

1876 4316 2033 4369 fuerit
2064 4316 2118 4368 in
2155 4316 2313 4368 veteri
2350 4315 2571 4368 ecclesia
2811 4313 2920 4367 239.

1811 4401 2165 4455 Poeuitentiae
2218 4407 2366 4453 vetus
2419 4401 2474 4452 in
2526 4400 2755 4455 ecclesia
2796 4399 2923 4452 ratio

1875 4502 2010 4556 quae
2045 4485 2203 4540 fuerit
2661 4484 2782 4539 225.
2807 4484 2921 4538 226.

1805 4571 2192 4626 Poenitentiarii
2268 4570 2556 4625 sacerdotis
2618 4568 2921 4624 instituendi

1871 4672 2006 4727 quae
2041 4657 2208 4727 prima
2240 4656 2397 4711 fuerit
2430 4671 2592 4709 causa
2809 4654 2920 4707 241.
