<?xml version="1.0" encoding="UTF-8"?>
<!DOCTYPE html PUBLIC "-//W3C//DTD XHTML 1.0 Transitional//EN"
    "http://www.w3.org/TR/xhtml1/DTD/xhtml1-transitional.dtd">
<html xmlns="http://www.w3.org/1999/xhtml" xml:lang="en" lang="en">
 <head>
  <title>
</title>
<meta http-equiv="Content-Type" content="text/html;charset=utf-8" />
  <meta name='ocr-system' content='tesseract 3.04.00' />
  <meta name='ocr-capabilities' content='ocr_page ocr_carea ocr_par ocr_line ocrx_word'/>
</head>
<body>
  <div class='ocr_page' id='page_1' title='image "./corporishaerese06oehlgoog_0122.png"; bbox 0 0 3185 5219; ppageno 0'>
   <div class='ocr_carea' id='block_1_1' title="bbox 424 3514 573 3567">
    <p class='ocr_par' dir='ltr' id='par_1_1' title="bbox 424 3514 573 3567">
     <span class='ocr_line' id='line_1_1' title="bbox 424 3514 573 3567; baseline 0 -11"><span class='ocrx_word' id='word_1_1' title='bbox 424 3527 468 3567; x_wconf 78' lang='lat' dir='ltr'><strong>p.</strong></span> <span class='ocrx_word' id='word_1_2' title='bbox 486 3514 573 3557; x_wconf 74' lang='lat'><strong>128.</strong></span> 
     </span>
    </p>
   </div>
   <div class='ocr_carea' id='block_1_2' title="bbox 621 345 787 402">
    <p class='ocr_par' dir='ltr' id='par_1_2' title="bbox 621 345 787 402">
     <span class='ocr_line' id='line_1_2' title="bbox 621 345 787 402; baseline 0 0"><span class='ocrx_word' id='word_1_3' title='bbox 621 345 787 402; x_wconf 72' lang='lat' dir='ltr'><strong>cmv</strong></span> 
     </span>
    </p>
   </div>
   <div class='ocr_carea' id='block_1_3' title="bbox 616 498 2953 1600">
    <p class='ocr_par' dir='ltr' id='par_1_3' title="bbox 618 498 2950 999">
     <span class='ocr_line' id='line_1_3' title="bbox 759 498 2945 574; baseline -0 -18"><span class='ocrx_word' id='word_1_4' title='bbox 759 500 841 556; x_wconf 81' lang='lat' dir='ltr'><strong>Ex</strong></span> <span class='ocrx_word' id='word_1_5' title='bbox 866 502 932 556; x_wconf 83' lang='lat' dir='ltr'><strong>iis</strong></span> <span class='ocrx_word' id='word_1_6' title='bbox 954 505 1221 573; x_wconf 81' lang='lat' dir='ltr'><strong>praeterea</strong></span> <span class='ocrx_word' id='word_1_7' title='bbox 1244 500 1432 555; x_wconf 82' lang='lat' dir='ltr'><strong>coniici</strong></span> <span class='ocrx_word' id='word_1_8' title='bbox 1453 507 1630 573; x_wconf 79' lang='lat' dir='ltr'><strong>potest</strong></span> <span class='ocrx_word' id='word_1_9' title='bbox 1651 500 1774 574; x_wconf 76' lang='lat' dir='ltr'><strong>quid</strong></span> <span class='ocrx_word' id='word_1_10' title='bbox 1805 502 1877 555; x_wconf 84' lang='lat' dir='ltr'><strong>sit</strong></span> <span class='ocrx_word' id='word_1_11' title='bbox 1908 501 2048 572; x_wconf 85' lang='lat' dir='ltr'><strong>quod</strong></span> <span class='ocrx_word' id='word_1_12' title='bbox 2070 498 2392 573; x_wconf 70' lang='lat' dir='ltr'><strong>Epiphuius</strong></span> <span class='ocrx_word' id='word_1_13' title='bbox 2413 501 2470 555; x_wconf 89' lang='lat' dir='ltr'><strong>in</strong></span> <span class='ocrx_word' id='word_1_14' title='bbox 2493 500 2718 556; x_wconf 85' lang='lat' dir='ltr'><strong>obscura</strong></span> <span class='ocrx_word' id='word_1_15' title='bbox 2735 500 2832 554; x_wconf 74' lang='lat' dir='ltr'><strong>ills</strong></span> <span class='ocrx_word' id='word_1_16' title='bbox 2849 499 2945 555; x_wconf 82' lang='lat' dir='ltr'><strong>Ee·</strong></span> 
     </span>
     <span class='ocr_line' id='line_1_4' title="bbox 619 586 2948 658; baseline -0 -17"><span class='ocrx_word' id='word_1_17' title='bbox 619 587 759 641; x_wconf 86' lang='lat' dir='ltr'><strong>rodis</strong></span> <span class='ocrx_word' id='word_1_18' title='bbox 793 603 1050 642; x_wconf 65' lang='lat' dir='ltr'><strong>annorum</strong></span> <span class='ocrx_word' id='word_1_19' title='bbox 1083 586 1429 640; x_wconf 68' lang='lat' dir='ltr'><strong>declaratione</strong></span> <span class='ocrx_word' id='word_1_20' title='bbox 1462 594 1584 658; x_wconf 90' lang='lat' dir='ltr'><strong>post</strong></span> <span class='ocrx_word' id='word_1_21' title='bbox 1616 606 1673 641; x_wconf 71' lang='grc' dir='ltr'><strong>ιν</strong></span> <span class='ocrx_word' id='word_1_22' title='bbox 1699 588 1853 658; x_wconf 84' lang='lat' dir='ltr'><strong>regni</strong></span> <span class='ocrx_word' id='word_1_23' title='bbox 1888 587 2001 640; x_wconf 77' lang='lat' dir='ltr'><strong>eius</strong></span> <span class='ocrx_word' id='word_1_24' title='bbox 2033 603 2201 640; x_wconf 67' lang='lat' dir='ltr'><strong>unos</strong></span> <span class='ocrx_word' id='word_1_25' title='bbox 2233 586 2482 640; x_wconf 86' lang='lat' dir='ltr'><strong>Iudaeam</strong></span> <span class='ocrx_word' id='word_1_26' title='bbox 2513 588 2570 640; x_wconf 84' lang='lat' dir='ltr'><strong>in</strong></span> <span class='ocrx_word' id='word_1_27' title='bbox 2591 586 2948 641; x_wconf 79' lang='lat' dir='ltr'><strong>Romanorum</strong></span> 
     </span>
     <span class='ocr_line' id='line_1_5' title="bbox 620 671 2948 743; baseline 0 -16"><span class='ocrx_word' id='word_1_28' title='bbox 620 675 870 727; x_wconf 86' lang='lat' dir='ltr'><strong>ditionem</strong></span> <span class='ocrx_word' id='word_1_29' title='bbox 893 673 1099 743; x_wconf 83' lang='lat' dir='ltr'><strong>penitus</strong></span> <span class='ocrx_word' id='word_1_30' title='bbox 1133 672 1353 726; x_wconf 79' lang='lat' dir='ltr'><strong>cessisse</strong></span> <span class='ocrx_word' id='word_1_31' title='bbox 1376 671 1543 738; x_wconf 81' lang='lat' dir='ltr'><strong>dicat,</strong></span> <span class='ocrx_word' id='word_1_32' title='bbox 1574 679 1889 743; x_wconf 77' lang='lat' dir='ltr'><strong>secutosque</strong></span> <span class='ocrx_word' id='word_1_33' title='bbox 1909 690 2040 726; x_wconf 78' lang='lat' dir='ltr'><strong>xm</strong></span> <span class='ocrx_word' id='word_1_34' title='bbox 2065 688 2261 738; x_wconf 85' lang='lat' dir='ltr'><strong>annos,</strong></span> <span class='ocrx_word' id='word_1_35' title='bbox 2286 672 2414 726; x_wconf 83' lang='lat' dir='ltr'><strong>adeo</strong></span> <span class='ocrx_word' id='word_1_36' title='bbox 2438 679 2500 726; x_wconf 76' lang='lat' dir='ltr'><strong>ut</strong></span> <span class='ocrx_word' id='word_1_37' title='bbox 2517 689 2712 727; x_wconf 77' lang='lat' dir='ltr'><strong>xxxm-</strong></span> <span class='ocrx_word' id='word_1_38' title='bbox 2738 673 2948 728; x_wconf 70' lang='lat' dir='ltr'><strong>amun</strong></span> 
     </span>
     <span class='ocr_line' id='line_1_6' title="bbox 619 756 2949 828; baseline 0 -17"><span class='ocrx_word' id='word_1_39' title='bbox 619 758 837 812; x_wconf 85' lang='lat' dir='ltr'><strong>Herodis</strong></span> <span class='ocrx_word' id='word_1_40' title='bbox 859 773 998 812; x_wconf 85' lang='lat' dir='ltr'><strong>anno</strong></span> <span class='ocrx_word' id='word_1_41' title='bbox 1022 757 1254 811; x_wconf 85' lang='lat' dir='ltr'><strong>Christus</strong></span> <span class='ocrx_word' id='word_1_42' title='bbox 1276 763 1433 811; x_wconf 79' lang='lat' dir='ltr'><strong>natus</strong></span> <span class='ocrx_word' id='word_1_43' title='bbox 1454 758 1543 811; x_wconf 75' lang='lat' dir='ltr'><strong>sit.</strong></span> <span class='ocrx_word' id='word_1_44' title='bbox 1588 757 1790 812; x_wconf 81' lang='lat' dir='ltr'><strong>Caussa</strong></span> <span class='ocrx_word' id='word_1_45' title='bbox 1811 758 1952 811; x_wconf 88' lang='lat' dir='ltr'><strong>enim</strong></span> <span class='ocrx_word' id='word_1_46' title='bbox 1984 756 2113 811; x_wconf 83' lang='lat' dir='ltr'><strong>haec</strong></span> <span class='ocrx_word' id='word_1_47' title='bbox 2143 765 2250 823; x_wconf 84' lang='lat' dir='ltr'><strong>est,</strong></span> <span class='ocrx_word' id='word_1_48' title='bbox 2285 757 2424 828; x_wconf 83' lang='lat' dir='ltr'><strong>quod</strong></span> <span class='ocrx_word' id='word_1_49' title='bbox 2453 774 2576 812; x_wconf 72' lang='lat' dir='ltr'><strong>eun</strong></span> <span class='ocrx_word' id='word_1_50' title='bbox 2597 758 2832 812; x_wconf 71' lang='lat' dir='ltr'><strong>Eusebio</strong></span> <span class='ocrx_word' id='word_1_51' title='bbox 2849 758 2949 811; x_wconf 76' lang='lat' dir='ltr'><strong>Ee-</strong></span> 
     </span>
     <span class='ocr_line' id='line_1_7' title="bbox 618 843 2950 915; baseline 0 -19"><span class='ocrx_word' id='word_1_52' title='bbox 618 844 758 897; x_wconf 88' lang='lat' dir='ltr'><strong>rodis</strong></span> <span class='ocrx_word' id='word_1_53' title='bbox 781 844 988 897; x_wconf 86' lang='lat' dir='ltr'><strong>initium</strong></span> <span class='ocrx_word' id='word_1_54' title='bbox 1009 844 1222 900; x_wconf 83' lang='lat' dir='ltr'><strong>coniicit</strong></span> <span class='ocrx_word' id='word_1_55' title='bbox 1242 843 1296 895; x_wconf 89' lang='lat' dir='ltr'><strong>in</strong></span> <span class='ocrx_word' id='word_1_56' title='bbox 1320 858 1519 898; x_wconf 86' lang='lat' dir='ltr'><strong>annum</strong></span> <span class='ocrx_word' id='word_1_57' title='bbox 1540 843 1804 897; x_wconf 75' lang='lat' dir='ltr'><strong>Iulianum</strong></span> <span class='ocrx_word' id='word_1_58' title='bbox 1827 860 1945 908; x_wconf 74' lang='lat' dir='ltr'><strong>xm,</strong></span> <span class='ocrx_word' id='word_1_59' title='bbox 1969 844 2052 896; x_wconf 79' lang='lat' dir='ltr'><strong>vel</strong></span> <span class='ocrx_word' id='word_1_60' title='bbox 2074 861 2212 908; x_wconf 73' lang='lat' dir='ltr'><strong>mn,</strong></span> <span class='ocrx_word' id='word_1_61' title='bbox 2237 859 2270 896; x_wconf 98' lang='lat' dir='ltr'><strong>a</strong></span> <span class='ocrx_word' id='word_1_62' title='bbox 2291 860 2396 914; x_wconf 88' lang='lat' dir='ltr'><strong>quo</strong></span> <span class='ocrx_word' id='word_1_63' title='bbox 2418 843 2485 897; x_wconf 67' lang='lat' dir='ltr'><strong>ed</strong></span> <span class='ocrx_word' id='word_1_64' title='bbox 2506 861 2642 909; x_wconf 62' lang='lat' dir='ltr'><strong>xva,</strong></span> <span class='ocrx_word' id='word_1_65' title='bbox 2668 844 2763 915; x_wconf 72' lang='lat' dir='ltr'><strong>qui</strong></span> <span class='ocrx_word' id='word_1_66' title='bbox 2779 844 2950 897; x_wconf 67' lang='lat' dir='ltr'><strong>Aefla-</strong></span> 
     </span>
     <span class='ocr_line' id='line_1_8' title="bbox 619 929 1842 999; baseline 0.002 -17"><span class='ocrx_word' id='word_1_67' title='bbox 619 945 735 984; x_wconf 78' lang='lat' dir='ltr'><strong>cam</strong></span> <span class='ocrx_word' id='word_1_68' title='bbox 757 929 1027 983; x_wconf 80' lang='lat' dir='ltr'><strong>victoriam</strong></span> <span class='ocrx_word' id='word_1_69' title='bbox 1051 929 1285 998; x_wconf 84' lang='lat' dir='ltr'><strong>excepit,</strong></span> <span class='ocrx_word' id='word_1_70' title='bbox 1308 929 1434 983; x_wconf 84' lang='lat' dir='ltr'><strong>anni</strong></span> <span class='ocrx_word' id='word_1_71' title='bbox 1455 935 1579 982; x_wconf 88' lang='lat' dir='ltr'><strong>sunt</strong></span> <span class='ocrx_word' id='word_1_72' title='bbox 1601 935 1842 999; x_wconf 85' lang='lat' dir='ltr'><strong>quatuor.</strong></span> 
     </span>
    </p>

    <p class='ocr_par' dir='ltr' id='par_1_4' title="bbox 616 1012 2953 1600">
     <span class='ocr_line' id='line_1_9' title="bbox 754 1012 2950 1084; baseline -0 -16"><span class='ocrx_word' id='word_1_73' title='bbox 754 1013 1104 1068; x_wconf 68' lang='lat' dir='ltr'>Concludatur</span> <span class='ocrx_word' id='word_1_74' title='bbox 1136 1030 1205 1067; x_wconf 87' lang='lat' dir='ltr'><strong>ex</strong></span> <span class='ocrx_word' id='word_1_75' title='bbox 1233 1012 1442 1084; x_wconf 85' lang='lat' dir='ltr'><strong>losephi</strong></span> <span class='ocrx_word' id='word_1_76' title='bbox 1470 1020 1523 1068; x_wconf 83' lang='lat' dir='ltr'><strong>et</strong></span> <span class='ocrx_word' id='word_1_77' title='bbox 1543 1014 1727 1068; x_wconf 82' lang='lat' dir='ltr'><strong>Dionis</strong></span> <span class='ocrx_word' id='word_1_78' title='bbox 1757 1015 2016 1068; x_wconf 81' lang='lat' dir='ltr'><strong>sententia</strong></span> <span class='ocrx_word' id='word_1_79' title='bbox 2046 1019 2311 1068; x_wconf 83' lang='lat' dir='ltr'><strong>mortuum</strong></span> <span class='ocrx_word' id='word_1_80' title='bbox 2333 1013 2590 1070; x_wconf 80' lang='lat' dir='ltr'><strong>Herodem</strong></span> <span class='ocrx_word' id='word_1_81' title='bbox 2611 1015 2781 1069; x_wconf 80' lang='lat' dir='ltr'><strong>videri</strong></span> <span class='ocrx_word' id='word_1_82' title='bbox 2813 1031 2950 1070; x_wconf 77' lang='lat' dir='ltr'><strong>auno</strong></span> 
     </span>
     <span class='ocr_line' id='line_1_10' title="bbox 616 1098 2951 1165; baseline 0 -12"><span class='ocrx_word' id='word_1_83' title='bbox 616 1100 817 1153; x_wconf 86' lang='lat' dir='ltr'><strong>Iuliano</strong></span> <span class='ocrx_word' id='word_1_84' title='bbox 841 1117 973 1154; x_wconf 77' lang='lat' dir='ltr'><strong>nu.</strong></span> <span class='ocrx_word' id='word_1_85' title='bbox 1019 1099 1169 1162; x_wconf 86' lang='lat' dir='ltr'><strong>Quod</strong></span> <span class='ocrx_word' id='word_1_86' title='bbox 1192 1100 1237 1152; x_wconf 91' lang='lat' dir='ltr'><strong>si</strong></span> <span class='ocrx_word' id='word_1_87' title='bbox 1259 1115 1442 1152; x_wconf 81' lang='lat' dir='ltr'><strong>verum</strong></span> <span class='ocrx_word' id='word_1_88' title='bbox 1465 1106 1569 1165; x_wconf 83' lang='lat' dir='ltr'><strong>est,</strong></span> <span class='ocrx_word' id='word_1_89' title='bbox 1591 1100 1784 1153; x_wconf 84' lang='lat' dir='ltr'><strong>natalis</strong></span> <span class='ocrx_word' id='word_1_90' title='bbox 1809 1098 2003 1153; x_wconf 84' lang='lat' dir='ltr'><strong>Christi</strong></span> <span class='ocrx_word' id='word_1_91' title='bbox 2023 1099 2078 1153; x_wconf 83' lang='lat' dir='ltr'><strong>in</strong></span> <span class='ocrx_word' id='word_1_92' title='bbox 2100 1115 2298 1153; x_wconf 86' lang='lat' dir='ltr'><strong>annum</strong></span> <span class='ocrx_word' id='word_1_93' title='bbox 2321 1118 2427 1154; x_wconf 74' lang='grc' dir='ltr'><strong>ιιι.</strong></span> <span class='ocrx_word' id='word_1_94' title='bbox 2451 1117 2575 1154; x_wconf 85' lang='lat' dir='ltr'><strong>cum</strong></span> <span class='ocrx_word' id='word_1_95' title='bbox 2595 1099 2848 1165; x_wconf 80' lang='lat' dir='ltr'><strong>Dekerio‚</strong></span> <span class='ocrx_word' id='word_1_96' title='bbox 2870 1100 2951 1154; x_wconf 71' lang='lat' dir='ltr'><strong>vel</strong></span> 
     </span>
     <span class='ocr_line' id='line_1_11' title="bbox 618 1184 2951 1256; baseline 0 -18"><span class='ocrx_word' id='word_1_97' title='bbox 618 1203 704 1240; x_wconf 72' lang='grc' dir='ltr'><strong>η.</strong></span> <span class='ocrx_word' id='word_1_98' title='bbox 731 1202 851 1239; x_wconf 88' lang='lat' dir='ltr'><strong>cum</strong></span> <span class='ocrx_word' id='word_1_99' title='bbox 872 1185 1118 1256; x_wconf 85' lang='lat' dir='ltr'><strong>Keplero,</strong></span> <span class='ocrx_word' id='word_1_100' title='bbox 1142 1184 1487 1239; x_wconf 77' lang='lat' dir='ltr'><strong>conferendus</strong></span> <span class='ocrx_word' id='word_1_101' title='bbox 1513 1185 1635 1251; x_wconf 90' lang='lat' dir='ltr'><strong>erit,</strong></span> <span class='ocrx_word' id='word_1_102' title='bbox 1657 1202 1765 1239; x_wconf 89' lang='lat' dir='ltr'><strong>non</strong></span> <span class='ocrx_word' id='word_1_103' title='bbox 1789 1185 2049 1255; x_wconf 77' lang='lat' dir='ltr'><strong>utvulgo,</strong></span> <span class='ocrx_word' id='word_1_104' title='bbox 2073 1186 2129 1239; x_wconf 86' lang='lat' dir='ltr'><strong>in</strong></span> <span class='ocrx_word' id='word_1_105' title='bbox 2145 1203 2267 1238; x_wconf 76' lang='lat' dir='ltr'><strong>nv.</strong></span> <span class='ocrx_word' id='word_1_106' title='bbox 2303 1185 2378 1239; x_wconf 89' lang='lat' dir='ltr'><strong>De</strong></span> <span class='ocrx_word' id='word_1_107' title='bbox 2404 1202 2508 1256; x_wconf 85' lang='lat' dir='ltr'><strong>quo</strong></span> <span class='ocrx_word' id='word_1_108' title='bbox 2530 1187 2787 1240; x_wconf 75' lang='lat' dir='ltr'><strong>attentius</strong></span> <span class='ocrx_word' id='word_1_109' title='bbox 2811 1185 2951 1256; x_wconf 80' lang='lat' dir='ltr'><strong>eogi-</strong></span> 
     </span>
     <span class='ocr_line' id='line_1_12' title="bbox 616 1270 2953 1342; baseline 0 -17"><span class='ocrx_word' id='word_1_110' title='bbox 616 1271 835 1326; x_wconf 83' lang='lat' dir='ltr'><strong>tandum</strong></span> <span class='ocrx_word' id='word_1_111' title='bbox 869 1287 1081 1334; x_wconf 89' lang='lat' dir='ltr'><strong>censeo,</strong></span> <span class='ocrx_word' id='word_1_112' title='bbox 1113 1287 1210 1324; x_wconf 88' lang='lat' dir='ltr'><strong>nec</strong></span> <span class='ocrx_word' id='word_1_113' title='bbox 1239 1270 1380 1323; x_wconf 88' lang='lat' dir='ltr'><strong>illius</strong></span> <span class='ocrx_word' id='word_1_114' title='bbox 1413 1270 1673 1340; x_wconf 75' lang='lat' dir='ltr'>opinionis</span> <span class='ocrx_word' id='word_1_115' title='bbox 1703 1270 1934 1324; x_wconf 78' lang='lat' dir='ltr'><strong>fautores</strong></span> <span class='ocrx_word' id='word_1_116' title='bbox 1966 1270 2286 1324; x_wconf 84' lang='lat' dir='ltr'><strong>accusandos</strong></span> <span class='ocrx_word' id='word_1_117' title='bbox 2321 1270 2756 1342; x_wconf 63' lang='lat' dir='ltr'><strong>damnandoque</strong></span> <span class='ocrx_word' id='word_1_118' title='bbox 2797 1279 2953 1326; x_wconf 82' lang='lat' dir='ltr'><strong>antea</strong></span> 
     </span>
     <span class='ocr_line' id='line_1_13' title="bbox 618 1355 2951 1427; baseline 0 -16"><span class='ocrx_word' id='word_1_119' title='bbox 618 1373 777 1427; x_wconf 86' lang='lat' dir='ltr'><strong>quam</strong></span> <span class='ocrx_word' id='word_1_120' title='bbox 799 1373 979 1411; x_wconf 86' lang='lat' dir='ltr'><strong>eorum</strong></span> <span class='ocrx_word' id='word_1_121' title='bbox 1002 1355 1303 1425; x_wconf 71' lang='lat' dir='ltr'><strong>disceptatis</strong></span> <span class='ocrx_word' id='word_1_122' title='bbox 1326 1371 1388 1408; x_wconf 81' lang='lat' dir='ltr'><strong>ac</strong></span> <span class='ocrx_word' id='word_1_123' title='bbox 1410 1355 1742 1408; x_wconf 63' lang='lat' dir='ltr'><strong>labefactatis</strong></span> <span class='ocrx_word' id='word_1_124' title='bbox 1774 1356 2065 1410; x_wconf 80' lang='lat' dir='ltr'><strong>rationibus</strong></span> <span class='ocrx_word' id='word_1_125' title='bbox 2097 1357 2389 1410; x_wconf 79' lang='lat' dir='ltr'><strong>communis</strong></span> <span class='ocrx_word' id='word_1_126' title='bbox 2413 1356 2655 1427; x_wconf 75' lang='lat' dir='ltr'><strong>Dionysii</strong></span> <span class='ocrx_word' id='word_1_127' title='bbox 2687 1371 2816 1410; x_wconf 83' lang='lat' dir='ltr'><strong>aera</strong></span> <span class='ocrx_word' id='word_1_128' title='bbox 2843 1373 2951 1411; x_wconf 81' lang='lat' dir='ltr'><strong>eer-</strong></span> 
     </span>
     <span class='ocr_line' id='line_1_14' title="bbox 616 1439 2953 1512; baseline 0.001 -17"><span class='ocrx_word' id='word_1_129' title='bbox 616 1444 722 1496; x_wconf 86' lang='lat' dir='ltr'><strong>tius</strong></span> <span class='ocrx_word' id='word_1_130' title='bbox 745 1442 1069 1505; x_wconf 74' lang='lat' dir='ltr'><strong>adstruatur-3</strong></span> <span class='ocrx_word' id='word_1_131' title='bbox 1095 1440 1233 1512; x_wconf 86' lang='lat' dir='ltr'><strong>quod</strong></span> <span class='ocrx_word' id='word_1_132' title='bbox 1256 1457 1289 1494; x_wconf 98' lang='lat' dir='ltr'><strong>a</strong></span> <span class='ocrx_word' id='word_1_133' title='bbox 1311 1441 1519 1494; x_wconf 86' lang='lat' dir='ltr'><strong>nemine</strong></span> <span class='ocrx_word' id='word_1_134' title='bbox 1541 1440 1610 1494; x_wconf 88' lang='lat' dir='ltr'><strong>ad</strong></span> <span class='ocrx_word' id='word_1_135' title='bbox 1630 1439 1767 1498; x_wconf 78' lang='lat' dir='ltr'><strong>hanc</strong></span> <span class='ocrx_word' id='word_1_136' title='bbox 1790 1457 1957 1512; x_wconf 83' lang='lat' dir='ltr'><strong>usque</strong></span> <span class='ocrx_word' id='word_1_137' title='bbox 1976 1442 2113 1495; x_wconf 87' lang='lat' dir='ltr'><strong>diem</strong></span> <span class='ocrx_word' id='word_1_138' title='bbox 2129 1441 2280 1496; x_wconf 81' lang='lat' dir='ltr'><strong>video</strong></span> <span class='ocrx_word' id='word_1_139' title='bbox 2304 1459 2420 1497; x_wconf 83' lang='lat' dir='ltr'><strong>esse</strong></span> <span class='ocrx_word' id='word_1_140' title='bbox 2442 1442 2666 1509; x_wconf 79' lang='lat' dir='ltr'><strong>factum,</strong></span> <span class='ocrx_word' id='word_1_141' title='bbox 2690 1459 2791 1497; x_wconf 84' lang='lat' dir='ltr'><strong>nec</strong></span> <span class='ocrx_word' id='word_1_142' title='bbox 2815 1459 2849 1497; x_wconf 84' lang='lat' dir='ltr'><strong>a</strong></span> <span class='ocrx_word' id='word_1_143' title='bbox 2869 1460 2953 1497; x_wconf 87' lang='lat' dir='ltr'><strong>me</strong></span> 
     </span>
     <span class='ocr_line' id='line_1_15' title="bbox 617 1526 1906 1600; baseline 0 -18"><span class='ocrx_word' id='word_1_144' title='bbox 617 1529 870 1600; x_wconf 75' lang='lat' dir='ltr'><strong>praestari</strong></span> <span class='ocrx_word' id='word_1_145' title='bbox 892 1543 1047 1599; x_wconf 87' lang='lat' dir='ltr'><strong>posse</strong></span> <span class='ocrx_word' id='word_1_146' title='bbox 1069 1527 1297 1598; x_wconf 86' lang='lat' dir='ltr'><strong>ingenue</strong></span> <span class='ocrx_word' id='word_1_147' title='bbox 1320 1542 1381 1580; x_wconf 87' lang='lat' dir='ltr'><strong>ac</strong></span> <span class='ocrx_word' id='word_1_148' title='bbox 1401 1527 1624 1581; x_wconf 84' lang='lat' dir='ltr'><strong>libenter</strong></span> <span class='ocrx_word' id='word_1_149' title='bbox 1644 1526 1906 1598; x_wconf 73' lang='lat' dir='ltr'><strong>profiteor.</strong></span> 
     </span>
    </p>
   </div>
   <div class='ocr_carea' id='block_1_4' title="bbox 618 1679 2980 3735">
    <p class='ocr_par' dir='ltr' id='par_1_5' title="bbox 1169 1679 2400 1736">
     <span class='ocr_line' id='line_1_16' title="bbox 1169 1679 2400 1736; baseline 0 0"><span class='ocrx_word' id='word_1_150' title='bbox 1169 1679 1604 1736; x_wconf 82' lang='lat' dir='ltr'><strong>EXPLIGATUR</strong></span> <span class='ocrx_word' id='word_1_151' title='bbox 1635 1681 1972 1736; x_wconf 82' lang='lat' dir='ltr'><strong>EPIPHANII</strong></span> <span class='ocrx_word' id='word_1_152' title='bbox 2005 1681 2400 1736; x_wconf 80' lang='lat' dir='ltr'><strong>SENTENTIA.</strong></span> 
     </span>
    </p>

    <p class='ocr_par' dir='ltr' id='par_1_6' title="bbox 618 1783 2958 3225">
     <span class='ocr_line' id='line_1_17' title="bbox 754 1783 2955 1856; baseline -0 -17"><span class='ocrx_word' id='word_1_153' title='bbox 754 1785 903 1839; x_wconf 86' lang='lat' dir='ltr'><strong>Nunc</strong></span> <span class='ocrx_word' id='word_1_154' title='bbox 920 1784 1197 1856; x_wconf 82' lang='lat' dir='ltr'><strong>Epiphanii</strong></span> <span class='ocrx_word' id='word_1_155' title='bbox 1215 1785 1488 1848; x_wconf 78' lang='lat' dir='ltr'><strong>sententia,</strong></span> <span class='ocrx_word' id='word_1_156' title='bbox 1506 1784 1655 1838; x_wconf 83' lang='lat' dir='ltr'><strong>cuius</strong></span> <span class='ocrx_word' id='word_1_157' title='bbox 1673 1784 2041 1854; x_wconf 86' lang='lat' dir='ltr'><strong>intelligendae</strong></span> <span class='ocrx_word' id='word_1_158' title='bbox 2059 1784 2231 1855; x_wconf 80' lang='lat' dir='ltr'><strong>gratie.</strong></span> <span class='ocrx_word' id='word_1_159' title='bbox 2246 1783 2373 1839; x_wconf 77' lang='lat' dir='ltr'><strong>haec</strong></span> <span class='ocrx_word' id='word_1_160' title='bbox 2390 1800 2425 1838; x_wconf 85' lang='lat' dir='ltr'><strong>a</strong></span> <span class='ocrx_word' id='word_1_161' title='bbox 2438 1784 2595 1838; x_wconf 66' lang='lat' dir='ltr'><strong>nobb</strong></span> <span class='ocrx_word' id='word_1_162' title='bbox 2614 1790 2696 1838; x_wconf 86' lang='lat' dir='ltr'><strong>est</strong></span> <span class='ocrx_word' id='word_1_163' title='bbox 2713 1785 2955 1839; x_wconf 81' lang='lat' dir='ltr'><strong>instituta</strong></span> 
     </span>
     <span class='ocr_line' id='line_1_18' title="bbox 620 1869 2954 1942; baseline -0.001 -17"><span class='ocrx_word' id='word_1_164' title='bbox 620 1871 925 1942; x_wconf 87' lang='lat' dir='ltr'><strong>disputatio,</strong></span> <span class='ocrx_word' id='word_1_165' title='bbox 961 1870 1269 1941; x_wconf 81' lang='lat' dir='ltr'><strong>exponenda</strong></span> <span class='ocrx_word' id='word_1_166' title='bbox 1291 1870 1508 1924; x_wconf 79' lang='lat' dir='ltr'><strong>videtur.</strong></span> <span class='ocrx_word' id='word_1_167' title='bbox 1573 1869 1721 1923; x_wconf 85' lang='lat' dir='ltr'><strong>Hanc</strong></span> <span class='ocrx_word' id='word_1_168' title='bbox 1745 1871 1884 1923; x_wconf 88' lang='lat' dir='ltr'><strong>enim</strong></span> <span class='ocrx_word' id='word_1_169' title='bbox 1907 1870 2220 1941; x_wconf 69' lang='lat' dir='ltr'><strong>per-obscure</strong></span> <span class='ocrx_word' id='word_1_170' title='bbox 2243 1870 2332 1923; x_wconf 91' lang='lat' dir='ltr'><strong>ille</strong></span> <span class='ocrx_word' id='word_1_171' title='bbox 2361 1885 2492 1923; x_wconf 81' lang='lat' dir='ltr'><strong>sane</strong></span> <span class='ocrx_word' id='word_1_172' title='bbox 2523 1877 2688 1940; x_wconf 83' lang='lat' dir='ltr'><strong>atque</strong></span> <span class='ocrx_word' id='word_1_173' title='bbox 2705 1871 2954 1942; x_wconf 80' lang='lat' dir='ltr'><strong>impedite</strong></span> 
     </span>
     <span class='ocr_line' id='line_1_19' title="bbox 620 1953 2955 2027; baseline 0 -18"><span class='ocrx_word' id='word_1_174' title='bbox 620 1957 862 2010; x_wconf 73' lang='lat' dir='ltr'><strong>declarat.</strong></span> <span class='ocrx_word' id='word_1_175' title='bbox 908 1955 1110 2026; x_wconf 78' lang='lat' dir='ltr'>Quippe</span> <span class='ocrx_word' id='word_1_176' title='bbox 1131 1971 1274 2008; x_wconf 87' lang='lat' dir='ltr'><strong>num.</strong></span> <span class='ocrx_word' id='word_1_177' title='bbox 1291 1972 1422 2008; x_wconf 79' lang='lat' dir='ltr'><strong>nu.</strong></span> <span class='ocrx_word' id='word_1_178' title='bbox 1446 1954 1675 2008; x_wconf 75' lang='lat' dir='ltr'><strong>haeresis</strong></span> <span class='ocrx_word' id='word_1_179' title='bbox 1709 1953 1864 2009; x_wconf 87' lang='lat' dir='ltr'><strong>huius</strong></span> <span class='ocrx_word' id='word_1_180' title='bbox 1888 1954 2149 2009; x_wconf 85' lang='lat' dir='ltr'><strong>Christum</strong></span> <span class='ocrx_word' id='word_1_181' title='bbox 2183 1956 2371 2009; x_wconf 80' lang='lat' dir='ltr'><strong>asserit</strong></span> <span class='ocrx_word' id='word_1_182' title='bbox 2399 1971 2537 2008; x_wconf 81' lang='lat' dir='ltr'><strong>anne</strong></span> <span class='ocrx_word' id='word_1_183' title='bbox 2569 1956 2802 2027; x_wconf 79' lang='lat' dir='ltr'><strong>Augusti</strong></span> <span class='ocrx_word' id='word_1_184' title='bbox 2823 1973 2955 2011; x_wconf 73' lang='lat' dir='ltr'><strong>xur-</strong></span> 
     </span>
     <span class='ocr_line' id='line_1_20' title="bbox 618 2040 2953 2111; baseline 0.001 -15"><span class='ocrx_word' id='word_1_185' title='bbox 618 2049 802 2096; x_wconf 87' lang='lat' dir='ltr'><strong>natum</strong></span> <span class='ocrx_word' id='word_1_186' title='bbox 828 2059 968 2107; x_wconf 86' lang='lat' dir='ltr'><strong>esse,</strong></span> <span class='ocrx_word' id='word_1_187' title='bbox 992 2041 1208 2096; x_wconf 84' lang='lat' dir='ltr'><strong>Herodis</strong></span> <span class='ocrx_word' id='word_1_188' title='bbox 1233 2058 1421 2095; x_wconf 75' lang='lat' dir='ltr'><strong>xxxin.</strong></span> <span class='ocrx_word' id='word_1_189' title='bbox 1470 2040 1640 2109; x_wconf 81' lang='lat' dir='ltr'><strong>Igitur</strong></span> <span class='ocrx_word' id='word_1_190' title='bbox 1668 2057 1859 2096; x_wconf 81' lang='lat' dir='ltr'><strong>novem</strong></span> <span class='ocrx_word' id='word_1_191' title='bbox 1894 2041 2047 2094; x_wconf 80' lang='lat' dir='ltr'><strong>anuis</strong></span> <span class='ocrx_word' id='word_1_192' title='bbox 2071 2042 2343 2111; x_wconf 82' lang='lat' dir='ltr'><strong>Augustus</strong></span> <span class='ocrx_word' id='word_1_193' title='bbox 2367 2040 2625 2095; x_wconf 71' lang='lat' dir='ltr'><strong>Herodem</strong></span> <span class='ocrx_word' id='word_1_194' title='bbox 2645 2042 2953 2098; x_wconf 67' lang='lat' dir='ltr'><strong>antecessit.</strong></span> 
     </span>
     <span class='ocr_line' id='line_1_21' title="bbox 622 2124 2956 2197; baseline 0 -16"><span class='ocrx_word' id='word_1_195' title='bbox 622 2127 725 2181; x_wconf 85' lang='lat' dir='ltr'><strong>Sed</strong></span> <span class='ocrx_word' id='word_1_196' title='bbox 759 2127 949 2181; x_wconf 88' lang='lat' dir='ltr'><strong>mirum</strong></span> <span class='ocrx_word' id='word_1_197' title='bbox 980 2142 1141 2197; x_wconf 87' lang='lat' dir='ltr'><strong>quam</strong></span> <span class='ocrx_word' id='word_1_198' title='bbox 1170 2124 1300 2179; x_wconf 88' lang='lat' dir='ltr'><strong>haee</strong></span> <span class='ocrx_word' id='word_1_199' title='bbox 1334 2126 1581 2197; x_wconf 81' lang='lat' dir='ltr'><strong>perplexe</strong></span> <span class='ocrx_word' id='word_1_200' title='bbox 1614 2125 1947 2181; x_wconf 85' lang='lat' dir='ltr'><strong>demonstret.</strong></span> <span class='ocrx_word' id='word_1_201' title='bbox 1987 2126 2276 2197; x_wconf 80' lang='lat' dir='ltr'><strong>imperasse</strong></span> <span class='ocrx_word' id='word_1_202' title='bbox 2298 2133 2450 2196; x_wconf 77' lang='lat' dir='ltr'><strong>putat</strong></span> <span class='ocrx_word' id='word_1_203' title='bbox 2469 2127 2775 2196; x_wconf 73' lang='lat' dir='ltr'><strong>Augustum</strong></span> <span class='ocrx_word' id='word_1_204' title='bbox 2798 2127 2956 2181; x_wconf 87' lang='lat' dir='ltr'><strong>annis</strong></span> 
     </span>
     <span class='ocr_line' id='line_1_22' title="bbox 620 2210 2958 2284; baseline 0 -17"><span class='ocrx_word' id='word_1_205' title='bbox 620 2231 720 2267; x_wconf 85' lang='lat' dir='ltr'><strong>xm</strong></span> <span class='ocrx_word' id='word_1_206' title='bbox 751 2219 1033 2283; x_wconf 85' lang='lat' dir='ltr'><strong>antequam</strong></span> <span class='ocrx_word' id='word_1_207' title='bbox 1064 2212 1256 2265; x_wconf 82' lang='lat' dir='ltr'><strong>Iudaea</strong></span> <span class='ocrx_word' id='word_1_208' title='bbox 1277 2211 1485 2281; x_wconf 83' lang='lat' dir='ltr'><strong>penitus</strong></span> <span class='ocrx_word' id='word_1_209' title='bbox 1507 2210 1574 2264; x_wconf 83' lang='lat' dir='ltr'><strong>ad</strong></span> <span class='ocrx_word' id='word_1_210' title='bbox 1596 2211 1866 2265; x_wconf 71' lang='lat' dir='ltr'><strong>Romrums</strong></span> <span class='ocrx_word' id='word_1_211' title='bbox 1893 2211 2213 2277; x_wconf 66' lang='lat' dir='ltr'><strong>transiisset,</strong></span> <span class='ocrx_word' id='word_1_212' title='bbox 2246 2227 2308 2266; x_wconf 82' lang='lat' dir='ltr'><strong>ac</strong></span> <span class='ocrx_word' id='word_1_213' title='bbox 2339 2217 2462 2283; x_wconf 86' lang='lat' dir='ltr'><strong>post</strong></span> <span class='ocrx_word' id='word_1_214' title='bbox 2492 2212 2702 2266; x_wconf 82' lang='lat' dir='ltr'><strong>initium</strong></span> <span class='ocrx_word' id='word_1_215' title='bbox 2725 2213 2958 2284; x_wconf 74' lang='lat' dir='ltr'><strong>Augusti</strong></span> 
     </span>
     <span class='ocr_line' id='line_1_23' title="bbox 622 2295 2956 2369; baseline 0 -17"><span class='ocrx_word' id='word_1_216' title='bbox 622 2304 843 2369; x_wconf 82' lang='lat' dir='ltr'><strong>quatuor</strong></span> <span class='ocrx_word' id='word_1_217' title='bbox 872 2298 994 2369; x_wconf 79' lang='lat' dir='ltr'><strong>plus</strong></span> <span class='ocrx_word' id='word_1_218' title='bbox 1022 2297 1198 2351; x_wconf 84' lang='lat' dir='ltr'><strong>minus</strong></span> <span class='ocrx_word' id='word_1_219' title='bbox 1230 2296 1383 2349; x_wconf 82' lang='lat' dir='ltr'><strong>annis</strong></span> <span class='ocrx_word' id='word_1_220' title='bbox 1417 2295 1610 2366; x_wconf 84' lang='lat' dir='ltr'><strong>elapsis</strong></span> <span class='ocrx_word' id='word_1_221' title='bbox 1630 2297 1766 2350; x_wconf 90' lang='lat' dir='ltr'><strong>inter</strong></span> <span class='ocrx_word' id='word_1_222' title='bbox 1785 2296 2007 2350; x_wconf 81' lang='lat' dir='ltr'><strong>Iudaeos</strong></span> <span class='ocrx_word' id='word_1_223' title='bbox 2029 2312 2094 2349; x_wconf 81' lang='lat' dir='ltr'><strong>ao</strong></span> <span class='ocrx_word' id='word_1_224' title='bbox 2113 2296 2382 2352; x_wconf 84' lang='lat' dir='ltr'><strong>Romanos</strong></span> <span class='ocrx_word' id='word_1_225' title='bbox 2403 2298 2689 2351; x_wconf 81' lang='lat' dir='ltr'><strong>amicitiam</strong></span> <span class='ocrx_word' id='word_1_226' title='bbox 2709 2304 2772 2351; x_wconf 85' lang='lat' dir='ltr'><strong>et</strong></span> <span class='ocrx_word' id='word_1_227' title='bbox 2787 2298 2956 2364; x_wconf 74' lang='lat' dir='ltr'><strong>socie-</strong></span> 
     </span>
     <span class='ocr_line' id='line_1_24' title="bbox 619 2383 2957 2453; baseline -0 -15"><span class='ocrx_word' id='word_1_228' title='bbox 619 2390 780 2438; x_wconf 82' lang='lat' dir='ltr'><strong>tatem</strong></span> <span class='ocrx_word' id='word_1_229' title='bbox 802 2383 1185 2448; x_wconf 74' lang='lat' dir='ltr'><strong>intercessisse,</strong></span> <span class='ocrx_word' id='word_1_230' title='bbox 1217 2388 1330 2435; x_wconf 87' lang='lat' dir='ltr'><strong>tum</strong></span> <span class='ocrx_word' id='word_1_231' title='bbox 1350 2398 1473 2435; x_wconf 76' lang='lat' dir='ltr'><strong>vero</strong></span> <span class='ocrx_word' id='word_1_232' title='bbox 1496 2388 1888 2452; x_wconf 83' lang='lat' dir='ltr'><strong>procuratorem</strong></span> <span class='ocrx_word' id='word_1_233' title='bbox 1907 2383 2237 2453; x_wconf 84' lang='lat' dir='ltr'><strong>impositum,</strong></span> <span class='ocrx_word' id='word_1_234' title='bbox 2271 2399 2333 2437; x_wconf 87' lang='lat' dir='ltr'><strong>ac</strong></span> <span class='ocrx_word' id='word_1_235' title='bbox 2364 2383 2682 2437; x_wconf 68' lang='lat' dir='ltr'><strong>tributorum</strong></span> <span class='ocrx_word' id='word_1_236' title='bbox 2711 2383 2957 2438; x_wconf 78' lang='lat' dir='ltr'><strong>nonnihil</strong></span> 
     </span>
     <span class='ocr_line' id='line_1_25' title="bbox 619 2466 2958 2539; baseline -0.001 -15"><span class='ocrx_word' id='word_1_237' title='bbox 619 2470 896 2534; x_wconf 87' lang='lat' dir='ltr'><strong>indictum,</strong></span> <span class='ocrx_word' id='word_1_238' title='bbox 930 2468 1094 2522; x_wconf 87' lang='lat' dir='ltr'><strong>donec</strong></span> <span class='ocrx_word' id='word_1_239' title='bbox 1124 2468 1180 2520; x_wconf 86' lang='lat' dir='ltr'><strong>in</strong></span> <span class='ocrx_word' id='word_1_240' title='bbox 1205 2467 1498 2520; x_wconf 81' lang='lat' dir='ltr'><strong>Romanam</strong></span> <span class='ocrx_word' id='word_1_241' title='bbox 1526 2467 1779 2521; x_wconf 81' lang='lat' dir='ltr'><strong>ditionem</strong></span> <span class='ocrx_word' id='word_1_242' title='bbox 1800 2466 1992 2520; x_wconf 86' lang='lat' dir='ltr'><strong>Iudaea</strong></span> <span class='ocrx_word' id='word_1_243' title='bbox 2020 2468 2228 2538; x_wconf 81' lang='lat' dir='ltr'><strong>penitus</strong></span> <span class='ocrx_word' id='word_1_244' title='bbox 2262 2467 2468 2522; x_wconf 71' lang='lat' dir='ltr'><strong>redacte</strong></span> <span class='ocrx_word' id='word_1_245' title='bbox 2485 2484 2553 2522; x_wconf 80' lang='lat' dir='ltr'><strong>ac</strong></span> <span class='ocrx_word' id='word_1_246' title='bbox 2573 2469 2853 2539; x_wconf 76' lang='lat' dir='ltr'><strong>vectigalis</strong></span> <span class='ocrx_word' id='word_1_247' title='bbox 2877 2473 2958 2522; x_wconf 87' lang='lat' dir='ltr'><strong>est</strong></span> 
     </span>
     <span class='ocr_line' id='line_1_26' title="bbox 618 2551 2955 2627; baseline -0.001 -16"><span class='ocrx_word' id='word_1_248' title='bbox 618 2556 783 2622; x_wconf 83' lang='lat' dir='ltr'><strong>facta,</strong></span> <span class='ocrx_word' id='word_1_249' title='bbox 816 2571 937 2609; x_wconf 86' lang='lat' dir='ltr'><strong>oum</strong></span> <span class='ocrx_word' id='word_1_250' title='bbox 968 2555 1075 2606; x_wconf 87' lang='lat' dir='ltr'><strong>iam</strong></span> <span class='ocrx_word' id='word_1_251' title='bbox 1101 2552 1359 2624; x_wconf 77' lang='lat' dir='ltr'><strong>principes</strong></span> <span class='ocrx_word' id='word_1_252' title='bbox 1381 2552 1460 2605; x_wconf 90' lang='lat' dir='ltr'><strong>illi</strong></span> <span class='ocrx_word' id='word_1_253' title='bbox 1481 2552 1546 2605; x_wconf 89' lang='lat' dir='ltr'><strong>de</strong></span> <span class='ocrx_word' id='word_1_254' title='bbox 1566 2553 1708 2606; x_wconf 76' lang='lat' dir='ltr'><strong>tribu</strong></span> <span class='ocrx_word' id='word_1_255' title='bbox 1729 2551 1861 2606; x_wconf 86' lang='lat' dir='ltr'><strong>Iuda</strong></span> <span class='ocrx_word' id='word_1_256' title='bbox 1881 2551 2179 2620; x_wconf 70' lang='lat' dir='ltr'><strong>desiissent,</strong></span> <span class='ocrx_word' id='word_1_257' title='bbox 2210 2557 2367 2625; x_wconf 84' lang='lat' dir='ltr'><strong>atque</strong></span> <span class='ocrx_word' id='word_1_258' title='bbox 2390 2554 2619 2608; x_wconf 79' lang='lat' dir='ltr'><strong>Herodes</strong></span> <span class='ocrx_word' id='word_1_259' title='bbox 2641 2554 2955 2627; x_wconf 59' lang='lat' dir='ltr'><strong>peregrina</strong></span> 
     </span>
     <span class='ocr_line' id='line_1_27' title="bbox 621 2638 2957 2712; baseline -0 -17"><span class='ocrx_word' id='word_1_260' title='bbox 621 2648 675 2696; x_wconf 88' lang='lat' dir='ltr'><strong>et</strong></span> <span class='ocrx_word' id='word_1_261' title='bbox 695 2642 989 2712; x_wconf 77' lang='lat' dir='ltr'><strong>alienigena</strong></span> <span class='ocrx_word' id='word_1_262' title='bbox 1009 2655 1231 2709; x_wconf 86' lang='lat' dir='ltr'><strong>regnum</strong></span> <span class='ocrx_word' id='word_1_263' title='bbox 1255 2644 1577 2709; x_wconf 76' lang='lat' dir='ltr'><strong>occupasset.</strong></span> <span class='ocrx_word' id='word_1_264' title='bbox 1624 2638 1770 2703; x_wconf 82' lang='lat' dir='ltr'><strong>Quae</strong></span> <span class='ocrx_word' id='word_1_265' title='bbox 1801 2639 1980 2692; x_wconf 85' lang='lat' dir='ltr'><strong>omnia</strong></span> <span class='ocrx_word' id='word_1_266' title='bbox 2000 2639 2177 2709; x_wconf 81' lang='lat' dir='ltr'><strong>(paulo</strong></span> <span class='ocrx_word' id='word_1_267' title='bbox 2199 2646 2323 2710; x_wconf 87' lang='lat' dir='ltr'><strong>post</strong></span> <span class='ocrx_word' id='word_1_268' title='bbox 2342 2641 2534 2711; x_wconf 83' lang='lat' dir='ltr'><strong>inquit)</strong></span> <span class='ocrx_word' id='word_1_269' title='bbox 2555 2640 2792 2711; x_wconf 72' lang='lat' dir='ltr'><strong>perfecta</strong></span> <span class='ocrx_word' id='word_1_270' title='bbox 2815 2647 2957 2705; x_wconf 72' lang='lat' dir='ltr'><strong>sunt,</strong></span> 
     </span>
     <span class='ocr_line' id='line_1_28' title="bbox 621 2724 2956 2798; baseline -0.001 -16"><span class='ocrx_word' id='word_1_271' title='bbox 621 2744 740 2781; x_wconf 88' lang='lat' dir='ltr'><strong>cum</strong></span> <span class='ocrx_word' id='word_1_272' title='bbox 764 2728 832 2781; x_wconf 89' lang='lat' dir='ltr'><strong>ab</strong></span> <span class='ocrx_word' id='word_1_273' title='bbox 857 2732 972 2780; x_wconf 90' lang='lat' dir='ltr'><strong>ortu</strong></span> <span class='ocrx_word' id='word_1_274' title='bbox 997 2724 1189 2778; x_wconf 81' lang='lat' dir='ltr'><strong>Christi</strong></span> <span class='ocrx_word' id='word_1_275' title='bbox 1208 2725 1527 2795; x_wconf 81' lang='lat' dir='ltr'><strong>coepissent,</strong></span> <span class='ocrx_word' id='word_1_276' title='bbox 1550 2741 1689 2777; x_wconf 87' lang='lat' dir='ltr'><strong>anno</strong></span> <span class='ocrx_word' id='word_1_277' title='bbox 1713 2724 1941 2794; x_wconf 77' lang='lat' dir='ltr'><strong>Augusti</strong></span> <span class='ocrx_word' id='word_1_278' title='bbox 1957 2742 2113 2789; x_wconf 68' lang='lat' dir='ltr'><strong>nnn,</strong></span> <span class='ocrx_word' id='word_1_279' title='bbox 2136 2725 2230 2795; x_wconf 92' lang='lat' dir='ltr'><strong>qui</strong></span> <span class='ocrx_word' id='word_1_280' title='bbox 2249 2730 2304 2778; x_wconf 90' lang='lat' dir='ltr'><strong>et</strong></span> <span class='ocrx_word' id='word_1_281' title='bbox 2322 2740 2495 2779; x_wconf 84' lang='lat' dir='ltr'><strong>nonus</strong></span> <span class='ocrx_word' id='word_1_282' title='bbox 2519 2731 2632 2779; x_wconf 84' lang='lat' dir='ltr'><strong>erat</strong></span> <span class='ocrx_word' id='word_1_283' title='bbox 2653 2743 2687 2778; x_wconf 89' lang='lat' dir='ltr'><strong>a</strong></span> <span class='ocrx_word' id='word_1_284' title='bbox 2707 2741 2956 2798; x_wconf 75' lang='lat' dir='ltr'><strong>procura·</strong></span> 
     </span>
     <span class='ocr_line' id='line_1_29' title="bbox 619 2809 2956 2882; baseline -0 -16"><span class='ocrx_word' id='word_1_285' title='bbox 619 2815 761 2866; x_wconf 87' lang='lat' dir='ltr'><strong>tione</strong></span> <span class='ocrx_word' id='word_1_286' title='bbox 784 2812 1068 2882; x_wconf 79' lang='lat' dir='ltr'><strong>Antipatri,</strong></span> <span class='ocrx_word' id='word_1_287' title='bbox 1102 2827 1221 2863; x_wconf 88' lang='lat' dir='ltr'><strong>cum</strong></span> <span class='ocrx_word' id='word_1_288' title='bbox 1256 2809 1475 2863; x_wconf 78' lang='lat' dir='ltr'><strong>Iudaeos</strong></span> <span class='ocrx_word' id='word_1_289' title='bbox 1508 2810 1646 2863; x_wconf 89' lang='lat' dir='ltr'><strong>inter</strong></span> <span class='ocrx_word' id='word_1_290' title='bbox 1679 2814 1734 2863; x_wconf 89' lang='lat' dir='ltr'><strong>et</strong></span> <span class='ocrx_word' id='word_1_291' title='bbox 1762 2809 2027 2863; x_wconf 80' lang='lat' dir='ltr'><strong>Romanos</strong></span> <span class='ocrx_word' id='word_1_292' title='bbox 2059 2825 2168 2880; x_wconf 81' lang='lat' dir='ltr'><strong>pax</strong></span> <span class='ocrx_word' id='word_1_293' title='bbox 2202 2815 2256 2863; x_wconf 89' lang='lat' dir='ltr'><strong>et</strong></span> <span class='ocrx_word' id='word_1_294' title='bbox 2289 2811 2514 2864; x_wconf 79' lang='lat' dir='ltr'><strong>societas</strong></span> <span class='ocrx_word' id='word_1_295' title='bbox 2553 2816 2698 2864; x_wconf 79' lang='lat' dir='ltr'><strong>esset</strong></span> <span class='ocrx_word' id='word_1_296' title='bbox 2735 2828 2802 2864; x_wconf 86' lang='lat' dir='ltr'><strong>ac</strong></span> <span class='ocrx_word' id='word_1_297' title='bbox 2846 2812 2956 2865; x_wconf 83' lang='lat' dir='ltr'><strong>iam</strong></span> 
     </span>
     <span class='ocr_line' id='line_1_30' title="bbox 622 2894 2958 2968; baseline -0 -16"><span class='ocrx_word' id='word_1_298' title='bbox 622 2904 863 2968; x_wconf 85' lang='lat' dir='ltr'><strong>quartum</strong></span> <span class='ocrx_word' id='word_1_299' title='bbox 897 2913 1092 2951; x_wconf 85' lang='lat' dir='ltr'><strong>annum</strong></span> <span class='ocrx_word' id='word_1_300' title='bbox 1124 2901 1371 2966; x_wconf 75' lang='lat' dir='ltr'><strong>regnaret</strong></span> <span class='ocrx_word' id='word_1_301' title='bbox 1394 2894 1641 2949; x_wconf 86' lang='lat' dir='ltr'><strong>Herodes.</strong></span> <span class='ocrx_word' id='word_1_302' title='bbox 1709 2894 1980 2948; x_wconf 76' lang='lat' dir='ltr'><strong>Postremo</strong></span> <span class='ocrx_word' id='word_1_303' title='bbox 2012 2900 2134 2965; x_wconf 85' lang='lat' dir='ltr'><strong>post</strong></span> <span class='ocrx_word' id='word_1_304' title='bbox 2165 2901 2389 2965; x_wconf 82' lang='lat' dir='ltr'><strong>quatuor</strong></span> <span class='ocrx_word' id='word_1_305' title='bbox 2423 2895 2645 2950; x_wconf 75' lang='lat' dir='ltr'><strong>Herodis</strong></span> <span class='ocrx_word' id='word_1_306' title='bbox 2683 2912 2858 2951; x_wconf 81' lang='lat' dir='ltr'><strong>annos</strong></span> <span class='ocrx_word' id='word_1_307' title='bbox 2899 2902 2958 2951; x_wconf 69' lang='lat' dir='ltr'><strong>et</strong></span> 
     </span>
     <span class='ocr_line' id='line_1_31' title="bbox 620 2979 2954 3053; baseline -0 -16"><span class='ocrx_word' id='word_1_308' title='bbox 620 2984 851 3053; x_wconf 84' lang='lat' dir='ltr'><strong>quinque</strong></span> <span class='ocrx_word' id='word_1_309' title='bbox 882 2982 1261 3053; x_wconf 80' lang='lat' dir='ltr'><strong>procurationis</strong></span> <span class='ocrx_word' id='word_1_310' title='bbox 1292 2981 1553 3050; x_wconf 80' lang='lat' dir='ltr'><strong>Antipatri</strong></span> <span class='ocrx_word' id='word_1_311' title='bbox 1592 2980 1805 3034; x_wconf 89' lang='lat' dir='ltr'><strong>demum</strong></span> <span class='ocrx_word' id='word_1_312' title='bbox 1833 2979 2028 3034; x_wconf 81' lang='lat' dir='ltr'><strong>Iudaea</strong></span> <span class='ocrx_word' id='word_1_313' title='bbox 2054 2981 2263 3051; x_wconf 83' lang='lat' dir='ltr'><strong>penitus</strong></span> <span class='ocrx_word' id='word_1_314' title='bbox 2302 2980 2554 3034; x_wconf 81' lang='lat' dir='ltr'><strong>Romanis</strong></span> <span class='ocrx_word' id='word_1_315' title='bbox 2583 2988 2668 3035; x_wconf 87' lang='lat' dir='ltr'><strong>est</strong></span> <span class='ocrx_word' id='word_1_316' title='bbox 2696 2982 2954 3047; x_wconf 82' lang='lat' dir='ltr'><strong>subiecta,</strong></span> 
     </span>
     <span class='ocr_line' id='line_1_32' title="bbox 620 3065 2956 3139; baseline 0 -18"><span class='ocrx_word' id='word_1_317' title='bbox 620 3085 788 3139; x_wconf 86' lang='lat' dir='ltr'><strong>usque</strong></span> <span class='ocrx_word' id='word_1_318' title='bbox 817 3067 905 3121; x_wconf 87' lang='lat' dir='ltr'><strong>ad</strong></span> <span class='ocrx_word' id='word_1_319' title='bbox 908 3084 1096 3122; x_wconf 77' lang='lat' dir='ltr'><strong>xum.</strong></span> <span class='ocrx_word' id='word_1_320' title='bbox 1121 3065 1337 3120; x_wconf 84' lang='lat' dir='ltr'><strong>Herodis</strong></span> <span class='ocrx_word' id='word_1_321' title='bbox 1369 3081 1594 3131; x_wconf 84' lang='lat' dir='ltr'><strong>annum,</strong></span> <span class='ocrx_word' id='word_1_322' title='bbox 1629 3066 1721 3136; x_wconf 88' lang='lat' dir='ltr'><strong>qui</strong></span> <span class='ocrx_word' id='word_1_323' title='bbox 1753 3070 1834 3120; x_wconf 86' lang='lat' dir='ltr'><strong>est</strong></span> <span class='ocrx_word' id='word_1_324' title='bbox 1859 3066 2087 3137; x_wconf 80' lang='lat' dir='ltr'><strong>Augusti</strong></span> <span class='ocrx_word' id='word_1_325' title='bbox 2107 3084 2263 3132; x_wconf 62' lang='lat' dir='ltr'><strong>xm„</strong></span> <span class='ocrx_word' id='word_1_326' title='bbox 2297 3081 2418 3121; x_wconf 78' lang='lat' dir='ltr'><strong>oum</strong></span> <span class='ocrx_word' id='word_1_327' title='bbox 2450 3084 2585 3121; x_wconf 82' lang='lat' dir='ltr'><strong>xm</strong></span> <span class='ocrx_word' id='word_1_328' title='bbox 2615 3068 2774 3121; x_wconf 81' lang='lat' dir='ltr'><strong>annis</strong></span> <span class='ocrx_word' id='word_1_329' title='bbox 2795 3068 2956 3122; x_wconf 74' lang='lat' dir='ltr'><strong>vecti·</strong></span> 
     </span>
     <span class='ocr_line' id='line_1_33' title="bbox 622 3152 1217 3225; baseline -0.005 -18"><span class='ocrx_word' id='word_1_330' title='bbox 622 3154 757 3225; x_wconf 86' lang='lat' dir='ltr'><strong>galis</strong></span> <span class='ocrx_word' id='word_1_331' title='bbox 780 3153 991 3206; x_wconf 87' lang='lat' dir='ltr'><strong>omnino</strong></span> <span class='ocrx_word' id='word_1_332' title='bbox 1014 3152 1217 3205; x_wconf 77' lang='lat' dir='ltr'><strong>fuisset.</strong></span> 
     </span>
    </p>

    <p class='ocr_par' dir='ltr' id='par_1_7' title="bbox 620 3235 2980 3735">
     <span class='ocr_line' id='line_1_34' title="bbox 756 3235 2955 3309; baseline 0.001 -17"><span class='ocrx_word' id='word_1_333' title='bbox 756 3239 866 3292; x_wconf 86' lang='lat' dir='ltr'><strong>Hac</strong></span> <span class='ocrx_word' id='word_1_334' title='bbox 886 3235 1164 3307; x_wconf 83' lang='lat' dir='ltr'><strong>Epiphanii</strong></span> <span class='ocrx_word' id='word_1_335' title='bbox 1185 3236 1416 3289; x_wconf 85' lang='lat' dir='ltr'><strong>oratione</strong></span> <span class='ocrx_word' id='word_1_336' title='bbox 1440 3236 1644 3289; x_wconf 88' lang='lat' dir='ltr'><strong>nullum</strong></span> <span class='ocrx_word' id='word_1_337' title='bbox 1661 3235 1911 3308; x_wconf 82' lang='lat' dir='ltr'><strong>Sphingis</strong></span> <span class='ocrx_word' id='word_1_338' title='bbox 1935 3237 2180 3307; x_wconf 82' lang='lat' dir='ltr'><strong>aenigma</strong></span> <span class='ocrx_word' id='word_1_339' title='bbox 2200 3237 2500 3308; x_wconf 84' lang='lat' dir='ltr'><strong>perplexius</strong></span> <span class='ocrx_word' id='word_1_340' title='bbox 2521 3254 2642 3292; x_wconf 79' lang='lat' dir='ltr'><strong>esse</strong></span> <span class='ocrx_word' id='word_1_341' title='bbox 2661 3243 2813 3309; x_wconf 74' lang='lat' dir='ltr'><strong>puto.</strong></span> <span class='ocrx_word' id='word_1_342' title='bbox 2850 3237 2955 3293; x_wconf 84' lang='lat' dir='ltr'><strong>Sed</strong></span> 
     </span>
     <span class='ocr_line' id='line_1_35' title="bbox 620 3320 2955 3394; baseline 0.001 -17"><span class='ocrx_word' id='word_1_343' title='bbox 620 3322 721 3377; x_wconf 90' lang='lat' dir='ltr'><strong>hoc</strong></span> <span class='ocrx_word' id='word_1_344' title='bbox 740 3329 916 3375; x_wconf 90' lang='lat' dir='ltr'><strong>tamen</strong></span> <span class='ocrx_word' id='word_1_345' title='bbox 938 3322 1165 3375; x_wconf 76' lang='lat' dir='ltr'><strong>voluisse</strong></span> <span class='ocrx_word' id='word_1_346' title='bbox 1188 3320 1415 3375; x_wconf 76' lang='lat' dir='ltr'><strong>videtur:</strong></span> <span class='ocrx_word' id='word_1_347' title='bbox 1440 3322 1740 3391; x_wconf 85' lang='lat' dir='ltr'><strong>Augustum</strong></span> <span class='ocrx_word' id='word_1_348' title='bbox 1760 3322 1929 3393; x_wconf 87' lang='lat' dir='ltr'><strong>primo</strong></span> <span class='ocrx_word' id='word_1_349' title='bbox 1954 3340 2052 3376; x_wconf 80' lang='lat' dir='ltr'><strong>xm</strong></span> <span class='ocrx_word' id='word_1_350' title='bbox 2073 3322 2227 3375; x_wconf 84' lang='lat' dir='ltr'><strong>anuis</strong></span> <span class='ocrx_word' id='word_1_351' title='bbox 2248 3322 2558 3392; x_wconf 82' lang='lat' dir='ltr'><strong>imperasse,</strong></span> <span class='ocrx_word' id='word_1_352' title='bbox 2596 3324 2790 3394; x_wconf 83' lang='lat' dir='ltr'><strong>quibus</strong></span> <span class='ocrx_word' id='word_1_353' title='bbox 2822 3342 2955 3379; x_wconf 87' lang='lat' dir='ltr'><strong>non-</strong></span> 
     </span>
     <span class='ocr_line' id='line_1_36' title="bbox 625 3406 2980 3478; baseline 0.002 -17"><span class='ocrx_word' id='word_1_354' title='bbox 625 3408 748 3462; x_wconf 88' lang='lat' dir='ltr'><strong>dum</strong></span> <span class='ocrx_word' id='word_1_355' title='bbox 766 3407 957 3462; x_wconf 83' lang='lat' dir='ltr'><strong>Iudaea</strong></span> <span class='ocrx_word' id='word_1_356' title='bbox 972 3423 1185 3477; x_wconf 88' lang='lat' dir='ltr'><strong>prorsus</strong></span> <span class='ocrx_word' id='word_1_357' title='bbox 1202 3406 1557 3460; x_wconf 82' lang='lat' dir='ltr'><strong>Romanorum</strong></span> <span class='ocrx_word' id='word_1_358' title='bbox 1573 3407 1793 3477; x_wconf 73' lang='lat' dir='ltr'><strong>imperIo</strong></span> <span class='ocrx_word' id='word_1_359' title='bbox 1815 3412 2066 3473; x_wconf 84' lang='lat' dir='ltr'><strong>cesserat,</strong></span> <span class='ocrx_word' id='word_1_360' title='bbox 2090 3423 2152 3460; x_wconf 85' lang='lat' dir='ltr'><strong>ac</strong></span> <span class='ocrx_word' id='word_1_361' title='bbox 2174 3412 2296 3478; x_wconf 85' lang='lat' dir='ltr'><strong>post</strong></span> <span class='ocrx_word' id='word_1_362' title='bbox 2316 3413 2541 3478; x_wconf 76' lang='lat' dir='ltr'><strong>quatuor</strong></span> <span class='ocrx_word' id='word_1_363' title='bbox 2559 3410 2762 3478; x_wconf 75' lang='lat' dir='ltr'><strong>priores</strong></span> <span class='ocrx_word' id='word_1_364' title='bbox 2785 3426 2955 3465; x_wconf 83' lang='lat' dir='ltr'><strong>annos</strong></span> <span class='ocrx_word' id='word_1_365' title='bbox 2975 3468 2980 3471; x_wconf 74' lang='grc'><strong>,</strong></span> 
     </span>
     <span class='ocr_line' id='line_1_37' title="bbox 622 3492 2956 3566; baseline 0.001 -19"><span class='ocrx_word' id='word_1_366' title='bbox 622 3494 846 3564; x_wconf 88' lang='lat' dir='ltr'><strong>Augusti</strong></span> <span class='ocrx_word' id='word_1_367' title='bbox 877 3494 1212 3562; x_wconf 88' lang='lat' dir='ltr'><strong>Antipatrum</strong></span> <span class='ocrx_word' id='word_1_368' title='bbox 1246 3492 1602 3562; x_wconf 89' lang='lat' dir='ltr'><strong>quinquennio</strong></span> <span class='ocrx_word' id='word_1_369' title='bbox 1632 3499 2024 3562; x_wconf 87' lang='lat' dir='ltr'><strong>procuratorem</strong></span> <span class='ocrx_word' id='word_1_370' title='bbox 2055 3492 2245 3557; x_wconf 77' lang='lat' dir='ltr'><strong>fuisse,</strong></span> <span class='ocrx_word' id='word_1_371' title='bbox 2277 3493 2537 3547; x_wconf 80' lang='lat' dir='ltr'><strong>Herodem</strong></span> <span class='ocrx_word' id='word_1_372' title='bbox 2566 3494 2779 3560; x_wconf 86' lang='lat' dir='ltr'><strong>deinde,</strong></span> <span class='ocrx_word' id='word_1_373' title='bbox 2813 3502 2956 3566; x_wconf 77' lang='lat' dir='ltr'><strong>poet-</strong></span> 
     </span>
     <span class='ocr_line' id='line_1_38' title="bbox 624 3576 2958 3651; baseline 0 -18"><span class='ocrx_word' id='word_1_374' title='bbox 624 3596 783 3650; x_wconf 86' lang='lat' dir='ltr'><strong>quam</strong></span> <span class='ocrx_word' id='word_1_375' title='bbox 806 3579 872 3632; x_wconf 88' lang='lat' dir='ltr'><strong>ab</strong></span> <span class='ocrx_word' id='word_1_376' title='bbox 892 3580 1130 3648; x_wconf 89' lang='lat' dir='ltr'><strong>Augusto</strong></span> <span class='ocrx_word' id='word_1_377' title='bbox 1154 3593 1377 3647; x_wconf 87' lang='lat' dir='ltr'><strong>regnum</strong></span> <span class='ocrx_word' id='word_1_378' title='bbox 1401 3576 1648 3643; x_wconf 89' lang='lat' dir='ltr'><strong>obtinuit,</strong></span> <span class='ocrx_word' id='word_1_379' title='bbox 1672 3585 1895 3648; x_wconf 84' lang='lat' dir='ltr'><strong>quatuor</strong></span> <span class='ocrx_word' id='word_1_380' title='bbox 1920 3594 2087 3631; x_wconf 87' lang='lat' dir='ltr'><strong>annos</strong></span> <span class='ocrx_word' id='word_1_381' title='bbox 2105 3578 2351 3631; x_wconf 87' lang='lat' dir='ltr'><strong>tenuisse.</strong></span> <span class='ocrx_word' id='word_1_382' title='bbox 2383 3579 2466 3632; x_wconf 84' lang='lat' dir='ltr'><strong>lta</strong></span> <span class='ocrx_word' id='word_1_383' title='bbox 2480 3578 2617 3633; x_wconf 79' lang='lat' dir='ltr'><strong>fiunt</strong></span> <span class='ocrx_word' id='word_1_384' title='bbox 2637 3579 2706 3632; x_wconf 85' lang='lat' dir='ltr'><strong>ab</strong></span> <span class='ocrx_word' id='word_1_385' title='bbox 2723 3581 2958 3651; x_wconf 80' lang='lat' dir='ltr'><strong>Augusti</strong></span> 
     </span>
     <span class='ocr_line' id='line_1_39' title="bbox 622 3662 2958 3735; baseline 0 -16"><span class='ocrx_word' id='word_1_386' title='bbox 622 3666 772 3719; x_wconf 87' lang='lat' dir='ltr'><strong>initio</strong></span> <span class='ocrx_word' id='word_1_387' title='bbox 795 3665 919 3718; x_wconf 83' lang='lat' dir='ltr'><strong>anni</strong></span> <span class='ocrx_word' id='word_1_388' title='bbox 936 3682 1050 3718; x_wconf 84' lang='lat' dir='ltr'><strong>xm.</strong></span> <span class='ocrx_word' id='word_1_389' title='bbox 1095 3663 1302 3732; x_wconf 83' lang='lat' dir='ltr'><strong>Reliqui</strong></span> <span class='ocrx_word' id='word_1_390' title='bbox 1324 3668 1447 3716; x_wconf 89' lang='lat' dir='ltr'><strong>sunt</strong></span> <span class='ocrx_word' id='word_1_391' title='bbox 1463 3680 1617 3727; x_wconf 78' lang='lat'><strong>1111,</strong></span> <span class='ocrx_word' id='word_1_392' title='bbox 1652 3664 1842 3732; x_wconf 83' lang='lat' dir='ltr'><strong>quibus</strong></span> <span class='ocrx_word' id='word_1_393' title='bbox 1863 3663 2089 3717; x_wconf 80' lang='lat' dir='ltr'><strong>Romani</strong></span> <span class='ocrx_word' id='word_1_394' title='bbox 2108 3662 2356 3716; x_wconf 79' lang='lat' dir='ltr'><strong>Iudaeam</strong></span> <span class='ocrx_word' id='word_1_395' title='bbox 2378 3664 2588 3733; x_wconf 78' lang='lat' dir='ltr'><strong>penitus</strong></span> <span class='ocrx_word' id='word_1_396' title='bbox 2612 3670 2958 3735; x_wconf 70' lang='lat' dir='ltr'><strong>occuparunt,</strong></span> 
     </span>
    </p>
   </div>
   <div class='ocr_carea' id='block_1_5' title="bbox 582 3747 2956 3821">
    <p class='ocr_par' dir='ltr' id='par_1_8' title="bbox 582 3747 2956 3821">
     <span class='ocr_line' id='line_1_40' title="bbox 582 3747 2956 3821; baseline -0.001 -13"><span class='ocrx_word' id='word_1_397' title='bbox 582 3796 590 3808; x_wconf 88' lang='lat'>.</span> <span class='ocrx_word' id='word_1_398' title='bbox 624 3766 789 3821; x_wconf 80' lang='lat' dir='ltr'><strong>usque</strong></span> <span class='ocrx_word' id='word_1_399' title='bbox 813 3749 880 3803; x_wconf 82' lang='lat' dir='ltr'><strong>ad</strong></span> <span class='ocrx_word' id='word_1_400' title='bbox 899 3748 1125 3819; x_wconf 81' lang='lat' dir='ltr'><strong>Augusti</strong></span> <span class='ocrx_word' id='word_1_401' title='bbox 1146 3766 1291 3813; x_wconf 66' lang='lat' dir='ltr'><strong>rma,</strong></span> <span class='ocrx_word' id='word_1_402' title='bbox 1313 3748 1530 3802; x_wconf 85' lang='lat' dir='ltr'><strong>Herodis</strong></span> <span class='ocrx_word' id='word_1_403' title='bbox 1554 3765 1761 3811; x_wconf 69' lang='lat' dir='ltr'><strong>xxxin„</strong></span> <span class='ocrx_word' id='word_1_404' title='bbox 1785 3764 1888 3818; x_wconf 90' lang='lat' dir='ltr'><strong>quo</strong></span> <span class='ocrx_word' id='word_1_405' title='bbox 1913 3754 2067 3801; x_wconf 85' lang='lat' dir='ltr'><strong>natus</strong></span> <span class='ocrx_word' id='word_1_406' title='bbox 2091 3752 2172 3799; x_wconf 87' lang='lat' dir='ltr'><strong>est</strong></span> <span class='ocrx_word' id='word_1_407' title='bbox 2190 3747 2454 3804; x_wconf 86' lang='lat' dir='ltr'><strong>dominus.</strong></span> <span class='ocrx_word' id='word_1_408' title='bbox 2484 3748 2620 3805; x_wconf 68' lang='lat' dir='ltr'><strong>Nam</strong></span> <span class='ocrx_word' id='word_1_409' title='bbox 2643 3749 2714 3802; x_wconf 80' lang='lat' dir='ltr'><strong>ad</strong></span> <span class='ocrx_word' id='word_1_410' title='bbox 2736 3768 2842 3805; x_wconf 79' lang='lat' dir='ltr'><strong>xm</strong></span> <span class='ocrx_word' id='word_1_411' title='bbox 2866 3750 2956 3805; x_wconf 70' lang='lat' dir='ltr'><strong>ad·</strong></span> 
     </span>
    </p>
   </div>
   <div class='ocr_carea' id='block_1_6' title="bbox 623 3831 2959 4677">
    <p class='ocr_par' dir='ltr' id='par_1_9' title="bbox 623 3831 2959 4677">
     <span class='ocr_line' id='line_1_41' title="bbox 624 3831 2957 3903; baseline 0 -14"><span class='ocrx_word' id='word_1_412' title='bbox 624 3837 717 3890; x_wconf 89' lang='lat' dir='ltr'><strong>diti</strong></span> <span class='ocrx_word' id='word_1_413' title='bbox 740 3853 867 3889; x_wconf 83' lang='lat' dir='ltr'><strong>xxrx</strong></span> <span class='ocrx_word' id='word_1_414' title='bbox 899 3834 1183 3888; x_wconf 86' lang='lat' dir='ltr'><strong>conficiunt</strong></span> <span class='ocrx_word' id='word_1_415' title='bbox 1204 3851 1340 3899; x_wconf 79' lang='lat' dir='ltr'><strong>xm,</strong></span> <span class='ocrx_word' id='word_1_416' title='bbox 1372 3833 1660 3903; x_wconf 85' lang='lat' dir='ltr'><strong>itidemque</strong></span> <span class='ocrx_word' id='word_1_417' title='bbox 1689 3834 1740 3885; x_wconf 88' lang='lat' dir='ltr'><strong>si</strong></span> <span class='ocrx_word' id='word_1_418' title='bbox 1770 3833 1840 3887; x_wconf 93' lang='lat' dir='ltr'><strong>ad</strong></span> <span class='ocrx_word' id='word_1_419' title='bbox 1872 3838 2095 3902; x_wconf 89' lang='lat' dir='ltr'><strong>quatuor</strong></span> <span class='ocrx_word' id='word_1_420' title='bbox 2118 3831 2277 3885; x_wconf 83' lang='lat' dir='ltr'><strong>addas</strong></span> <span class='ocrx_word' id='word_1_421' title='bbox 2301 3851 2432 3887; x_wconf 81' lang='lat' dir='ltr'><strong>nrx</strong></span> <span class='ocrx_word' id='word_1_422' title='bbox 2453 3832 2584 3887; x_wconf 75' lang='lat' dir='ltr'><strong>fient</strong></span> <span class='ocrx_word' id='word_1_423' title='bbox 2603 3851 2797 3889; x_wconf 73' lang='lat' dir='ltr'><strong>xum.</strong></span> <span class='ocrx_word' id='word_1_424' title='bbox 2845 3835 2957 3889; x_wconf 77' lang='lat' dir='ltr'><strong>Bos</strong></span> 
     </span>
     <span class='ocr_line' id='line_1_42' title="bbox 624 3917 2958 3997; baseline -0 -21"><span class='ocrx_word' id='word_1_425' title='bbox 624 3928 800 3976; x_wconf 86' lang='lat' dir='ltr'><strong>autem</strong></span> <span class='ocrx_word' id='word_1_426' title='bbox 820 3937 947 3997; x_wconf 56' lang='grc' dir='ltr'><strong>ξω</strong></span> <span class='ocrx_word' id='word_1_427' title='bbox 973 3936 1140 3972; x_wconf 88' lang='lat' dir='ltr'><strong>anuos</strong></span> <span class='ocrx_word' id='word_1_428' title='bbox 1163 3919 1232 3972; x_wconf 84' lang='lat' dir='ltr'><strong>ab</strong></span> <span class='ocrx_word' id='word_1_429' title='bbox 1255 3935 1317 3972; x_wconf 95' lang='lat' dir='ltr'><strong>eo</strong></span> <span class='ocrx_word' id='word_1_430' title='bbox 1343 3919 1551 3974; x_wconf 82' lang='lat' dir='ltr'><strong>deducit</strong></span> <span class='ocrx_word' id='word_1_431' title='bbox 1572 3918 1666 3988; x_wconf 88' lang='lat' dir='ltr'><strong>qui</strong></span> <span class='ocrx_word' id='word_1_432' title='bbox 1685 3918 1952 3971; x_wconf 78' lang='lat' dir='ltr'><strong>Actiacam</strong></span> <span class='ocrx_word' id='word_1_433' title='bbox 1967 3917 2238 3971; x_wconf 80' lang='lat' dir='ltr'><strong>victoriam</strong></span> <span class='ocrx_word' id='word_1_434' title='bbox 2259 3924 2472 3972; x_wconf 73' lang='lat' dir='ltr'><strong>secutus</strong></span> <span class='ocrx_word' id='word_1_435' title='bbox 2492 3926 2600 3983; x_wconf 86' lang='lat' dir='ltr'><strong>est,</strong></span> <span class='ocrx_word' id='word_1_436' title='bbox 2622 3919 2833 3974; x_wconf 77' lang='lat' dir='ltr'><strong>Iuliano</strong></span> <span class='ocrx_word' id='word_1_437' title='bbox 2855 3921 2958 3976; x_wconf 81' lang='lat' dir='ltr'><strong>ssi·</strong></span> 
     </span>
     <span class='ocr_line' id='line_1_43' title="bbox 623 4001 2957 4076; baseline -0.002 -15"><span class='ocrx_word' id='word_1_438' title='bbox 623 4009 745 4061; x_wconf 88' lang='lat' dir='ltr'><strong>licet</strong></span> <span class='ocrx_word' id='word_1_439' title='bbox 776 4025 908 4071; x_wconf 65' lang='grc' dir='ltr'><strong>ιη,</strong></span> <span class='ocrx_word' id='word_1_440' title='bbox 944 4021 977 4058; x_wconf 90' lang='lat' dir='ltr'><strong>a</strong></span> <span class='ocrx_word' id='word_1_441' title='bbox 1000 4021 1102 4074; x_wconf 91' lang='lat' dir='ltr'><strong>quo</strong></span> <span class='ocrx_word' id='word_1_442' title='bbox 1136 4004 1414 4058; x_wconf 78' lang='lat' dir='ltr'><strong>vicesimus</strong></span> <span class='ocrx_word' id='word_1_443' title='bbox 1447 4020 1621 4057; x_wconf 88' lang='lat' dir='ltr'><strong>nonus</strong></span> <span class='ocrx_word' id='word_1_444' title='bbox 1656 4009 1737 4054; x_wconf 86' lang='lat' dir='ltr'><strong>est</strong></span> <span class='ocrx_word' id='word_1_445' title='bbox 1768 4001 2001 4056; x_wconf 85' lang='lat' dir='ltr'><strong>Iulianus</strong></span> <span class='ocrx_word' id='word_1_446' title='bbox 2027 4019 2192 4067; x_wconf 72' lang='lat' dir='ltr'><strong>nm,</strong></span> <span class='ocrx_word' id='word_1_447' title='bbox 2230 4019 2332 4071; x_wconf 89' lang='lat' dir='ltr'><strong>quo</strong></span> <span class='ocrx_word' id='word_1_448' title='bbox 2367 4008 2521 4056; x_wconf 90' lang='lat' dir='ltr'><strong>natus</strong></span> <span class='ocrx_word' id='word_1_449' title='bbox 2554 4005 2622 4057; x_wconf 85' lang='lat' dir='ltr'><strong>ab</strong></span> <span class='ocrx_word' id='word_1_450' title='bbox 2651 4004 2957 4076; x_wconf 73' lang='lat' dir='ltr'><strong>Epiphanio</strong></span> 
     </span>
     <span class='ocr_line' id='line_1_44' title="bbox 625 4086 2958 4160; baseline -0 -14"><span class='ocrx_word' id='word_1_451' title='bbox 625 4092 860 4146; x_wconf 87' lang='lat' dir='ltr'><strong>Christus</strong></span> <span class='ocrx_word' id='word_1_452' title='bbox 890 4092 1114 4160; x_wconf 86' lang='lat' dir='ltr'><strong>ponitur,</strong></span> <span class='ocrx_word' id='word_1_453' title='bbox 1146 4090 1385 4158; x_wconf 87' lang='lat' dir='ltr'><strong>Augusto</strong></span> <span class='ocrx_word' id='word_1_454' title='bbox 1408 4107 1523 4144; x_wconf 79' lang='lat'>1111.</span> <span class='ocrx_word' id='word_1_455' title='bbox 1547 4094 1602 4139; x_wconf 89' lang='lat' dir='ltr'><strong>et</strong></span> <span class='ocrx_word' id='word_1_456' title='bbox 1623 4087 1802 4140; x_wconf 84' lang='lat' dir='ltr'><strong>Silano</strong></span> <span class='ocrx_word' id='word_1_457' title='bbox 1825 4102 1959 4140; x_wconf 83' lang='lat' dir='ltr'><strong>coss.</strong></span> <span class='ocrx_word' id='word_1_458' title='bbox 2026 4086 2106 4140; x_wconf 78' lang='lat' dir='ltr'><strong>Ita</strong></span> <span class='ocrx_word' id='word_1_459' title='bbox 2139 4086 2347 4156; x_wconf 81' lang='lat' dir='ltr'><strong>quidem</strong></span> <span class='ocrx_word' id='word_1_460' title='bbox 2369 4087 2692 4159; x_wconf 76' lang='lat' dir='ltr'><strong>Epiphanius</strong></span> <span class='ocrx_word' id='word_1_461' title='bbox 2723 4091 2958 4145; x_wconf 82' lang='lat' dir='ltr'><strong>miscens</strong></span> 
     </span>
     <span class='ocr_line' id='line_1_45' title="bbox 628 4170 2958 4248; baseline -0.002 -16"><span class='ocrx_word' id='word_1_462' title='bbox 628 4179 826 4242; x_wconf 90' lang='lat' dir='ltr'><strong>omnia,</strong></span> <span class='ocrx_word' id='word_1_463' title='bbox 849 4192 943 4230; x_wconf 88' lang='lat' dir='ltr'><strong>nec</strong></span> <span class='ocrx_word' id='word_1_464' title='bbox 966 4174 1216 4228; x_wconf 77' lang='lat' dir='ltr'><strong>historiae</strong></span> <span class='ocrx_word' id='word_1_465' title='bbox 1239 4173 1367 4226; x_wconf 81' lang='lat' dir='ltr'><strong>satis</strong></span> <span class='ocrx_word' id='word_1_466' title='bbox 1392 4172 1675 4226; x_wconf 83' lang='lat' dir='ltr'><strong>consultus.</strong></span> <span class='ocrx_word' id='word_1_467' title='bbox 1709 4171 1806 4225; x_wconf 83' lang='lat' dir='ltr'><strong>Est</strong></span> <span class='ocrx_word' id='word_1_468' title='bbox 1826 4172 1968 4224; x_wconf 87' lang='lat' dir='ltr'><strong>enim</strong></span> <span class='ocrx_word' id='word_1_469' title='bbox 1988 4170 2182 4224; x_wconf 83' lang='lat' dir='ltr'><strong>falsum</strong></span> <span class='ocrx_word' id='word_1_470' title='bbox 2203 4171 2460 4242; x_wconf 85' lang='lat' dir='ltr'><strong>imprimis</strong></span> <span class='ocrx_word' id='word_1_471' title='bbox 2477 4174 2816 4245; x_wconf 78' lang='lat' dir='ltr'><strong>Antipatrum</strong></span> <span class='ocrx_word' id='word_1_472' title='bbox 2837 4193 2958 4248; x_wconf 80' lang='lat' dir='ltr'><strong>pro·</strong></span> 
     </span>
     <span class='ocr_line' id='line_1_46' title="bbox 625 4256 2959 4329; baseline -0.002 -12"><span class='ocrx_word' id='word_1_473' title='bbox 625 4269 916 4317; x_wconf 86' lang='lat' dir='ltr'><strong>curatorem</strong></span> <span class='ocrx_word' id='word_1_474' title='bbox 936 4262 1004 4314; x_wconf 87' lang='lat' dir='ltr'><strong>ab</strong></span> <span class='ocrx_word' id='word_1_475' title='bbox 1027 4260 1267 4328; x_wconf 86' lang='lat' dir='ltr'><strong>Augusto</strong></span> <span class='ocrx_word' id='word_1_476' title='bbox 1290 4273 1405 4310; x_wconf 86' lang='lat' dir='ltr'><strong>esse</strong></span> <span class='ocrx_word' id='word_1_477' title='bbox 1426 4256 1650 4322; x_wconf 76' lang='lat' dir='ltr'><strong>factum,</strong></span> <span class='ocrx_word' id='word_1_478' title='bbox 1682 4256 1913 4326; x_wconf 83' lang='lat' dir='ltr'><strong>adeoque</strong></span> <span class='ocrx_word' id='word_1_479' title='bbox 1946 4260 2072 4325; x_wconf 88' lang='lat' dir='ltr'><strong>post</strong></span> <span class='ocrx_word' id='word_1_480' title='bbox 2098 4264 2319 4325; x_wconf 85' lang='lat' dir='ltr'><strong>quatuor</strong></span> <span class='ocrx_word' id='word_1_481' title='bbox 2347 4258 2554 4329; x_wconf 85' lang='lat' dir='ltr'><strong>imperii</strong></span> <span class='ocrx_word' id='word_1_482' title='bbox 2574 4259 2744 4329; x_wconf 83' lang='lat' dir='ltr'><strong>ipsius</strong></span> <span class='ocrx_word' id='word_1_483' title='bbox 2765 4276 2959 4328; x_wconf 74' lang='lat' dir='ltr'><strong>mos,</strong></span> 
     </span>
     <span class='ocr_line' id='line_1_47' title="bbox 624 4340 2959 4418; baseline -0.001 -16"><span class='ocrx_word' id='word_1_484' title='bbox 624 4356 687 4402; x_wconf 89' lang='lat' dir='ltr'><strong>ut</strong></span> <span class='ocrx_word' id='word_1_485' title='bbox 707 4365 772 4401; x_wconf 87' lang='lat' dir='ltr'><strong>ex</strong></span> <span class='ocrx_word' id='word_1_486' title='bbox 797 4348 863 4400; x_wconf 89' lang='lat' dir='ltr'><strong>iis</strong></span> <span class='ocrx_word' id='word_1_487' title='bbox 885 4351 1030 4416; x_wconf 85' lang='lat' dir='ltr'><strong>patet</strong></span> <span class='ocrx_word' id='word_1_488' title='bbox 1053 4360 1188 4414; x_wconf 87' lang='lat' dir='ltr'><strong>quae</strong></span> <span class='ocrx_word' id='word_1_489' title='bbox 1211 4358 1368 4414; x_wconf 90' lang='lat' dir='ltr'><strong>supra</strong></span> <span class='ocrx_word' id='word_1_490' title='bbox 1390 4357 1419 4394; x_wconf 88' lang='lat' dir='ltr'><strong>e</strong></span> <span class='ocrx_word' id='word_1_491' title='bbox 1440 4340 1660 4410; x_wconf 87' lang='lat' dir='ltr'><strong>Iosepho</strong></span> <span class='ocrx_word' id='word_1_492' title='bbox 1683 4340 2102 4413; x_wconf 83' lang='lat' dir='ltr'><strong>perstrinximus.</strong></span> <span class='ocrx_word' id='word_1_493' title='bbox 2170 4340 2307 4396; x_wconf 76' lang='lat' dir='ltr'><strong>Nam</strong></span> <span class='ocrx_word' id='word_1_494' title='bbox 2326 4344 2600 4414; x_wconf 70' lang='lat' dir='ltr'><strong>Antipater</strong></span> <span class='ocrx_word' id='word_1_495' title='bbox 2615 4346 2844 4401; x_wconf 85' lang='lat' dir='ltr'><strong>Herodis</strong></span> <span class='ocrx_word' id='word_1_496' title='bbox 2866 4364 2959 4418; x_wconf 88' lang='lat' dir='ltr'><strong>pa-</strong></span> 
     </span>
     <span class='ocr_line' id='line_1_48' title="bbox 626 4423 2958 4496; baseline -0.006 -9"><span class='ocrx_word' id='word_1_497' title='bbox 626 4450 745 4487; x_wconf 86' lang='lat' dir='ltr'><strong>rens</strong></span> <span class='ocrx_word' id='word_1_498' title='bbox 768 4432 1012 4486; x_wconf 83' lang='lat' dir='ltr'><strong>Iudaeam</strong></span> <span class='ocrx_word' id='word_1_499' title='bbox 1047 4429 1404 4483; x_wconf 80' lang='lat' dir='ltr'><strong>administrare</strong></span> <span class='ocrx_word' id='word_1_500' title='bbox 1435 4426 1608 4496; x_wconf 88' lang='lat' dir='ltr'><strong>coepit</strong></span> <span class='ocrx_word' id='word_1_501' title='bbox 1639 4442 1777 4480; x_wconf 87' lang='lat' dir='ltr'><strong>anno</strong></span> <span class='ocrx_word' id='word_1_502' title='bbox 1806 4426 1924 4489; x_wconf 85' lang='lat' dir='ltr'><strong>illo,</strong></span> <span class='ocrx_word' id='word_1_503' title='bbox 1958 4440 2062 4495; x_wconf 85' lang='lat' dir='ltr'><strong>quo</strong></span> <span class='ocrx_word' id='word_1_504' title='bbox 2089 4423 2252 4479; x_wconf 90' lang='lat' dir='ltr'><strong>Iulius</strong></span> <span class='ocrx_word' id='word_1_505' title='bbox 2277 4425 2468 4483; x_wconf 78' lang='lat' dir='ltr'><strong>Caesar</strong></span> <span class='ocrx_word' id='word_1_506' title='bbox 2499 4430 2700 4485; x_wconf 85' lang='lat' dir='ltr'><strong>bellum</strong></span> <span class='ocrx_word' id='word_1_507' title='bbox 2721 4433 2958 4489; x_wconf 79' lang='lat' dir='ltr'><strong>Alexan.</strong></span> 
     </span>
     <span class='ocr_line' id='line_1_49' title="bbox 626 4509 2958 4589; baseline 0 -17"><span class='ocrx_word' id='word_1_508' title='bbox 626 4520 833 4572; x_wconf 87' lang='lat' dir='ltr'><strong>drinum</strong></span> <span class='ocrx_word' id='word_1_509' title='bbox 868 4516 1058 4586; x_wconf 81' lang='lat' dir='ltr'><strong>gessit,</strong></span> <span class='ocrx_word' id='word_1_510' title='bbox 1092 4514 1181 4583; x_wconf 90' lang='lat' dir='ltr'><strong>qui</strong></span> <span class='ocrx_word' id='word_1_511' title='bbox 1216 4518 1296 4566; x_wconf 88' lang='lat' dir='ltr'><strong>est</strong></span> <span class='ocrx_word' id='word_1_512' title='bbox 1328 4509 1483 4564; x_wconf 88' lang='lat' dir='ltr'><strong>Urbis</strong></span> <span class='ocrx_word' id='word_1_513' title='bbox 1505 4510 1632 4575; x_wconf 74' lang='lat'>7073</span> <span class='ocrx_word' id='word_1_514' title='bbox 1667 4527 1768 4581; x_wconf 91' lang='lat' dir='ltr'><strong>quo</strong></span> <span class='ocrx_word' id='word_1_515' title='bbox 1801 4510 1985 4564; x_wconf 87' lang='lat' dir='ltr'><strong>eodem</strong></span> <span class='ocrx_word' id='word_1_516' title='bbox 2017 4527 2158 4565; x_wconf 83' lang='lat' dir='ltr'><strong>anno</strong></span> <span class='ocrx_word' id='word_1_517' title='bbox 2177 4511 2409 4567; x_wconf 82' lang='lat' dir='ltr'><strong>Herodes</strong></span> <span class='ocrx_word' id='word_1_518' title='bbox 2433 4513 2705 4569; x_wconf 77' lang='lat' dir='ltr'><strong>Galilaeae</strong></span> <span class='ocrx_word' id='word_1_519' title='bbox 2737 4533 2777 4571; x_wconf 84' lang='lat' dir='ltr'><strong>a</strong></span> <span class='ocrx_word' id='word_1_520' title='bbox 2809 4525 2958 4589; x_wconf 67' lang='lat' dir='ltr'><strong>patre</strong></span> 
     </span>
     <span class='ocr_line' id='line_1_50' title="bbox 626 4595 2959 4677; baseline -0 -19"><span class='ocrx_word' id='word_1_521' title='bbox 626 4602 948 4677; x_wconf 85' lang='lat' dir='ltr'><strong>praepositus</strong></span> <span class='ocrx_word' id='word_1_522' title='bbox 972 4605 1069 4654; x_wconf 86' lang='lat' dir='ltr'><strong>est.</strong></span> <span class='ocrx_word' id='word_1_523' title='bbox 1113 4598 1350 4651; x_wconf 85' lang='lat' dir='ltr'><strong>Mortuus</strong></span> <span class='ocrx_word' id='word_1_524' title='bbox 1383 4601 1464 4649; x_wconf 87' lang='lat' dir='ltr'><strong>est</strong></span> <span class='ocrx_word' id='word_1_525' title='bbox 1494 4600 1667 4649; x_wconf 86' lang='lat' dir='ltr'><strong>autem</strong></span> <span class='ocrx_word' id='word_1_526' title='bbox 1701 4595 1972 4669; x_wconf 87' lang='lat' dir='ltr'><strong>Antipater</strong></span> <span class='ocrx_word' id='word_1_527' title='bbox 2001 4610 2138 4650; x_wconf 85' lang='lat' dir='ltr'><strong>anno</strong></span> <span class='ocrx_word' id='word_1_528' title='bbox 2162 4595 2314 4651; x_wconf 90' lang='lat' dir='ltr'><strong>Urbis</strong></span> <span class='ocrx_word' id='word_1_529' title='bbox 2336 4598 2477 4664; x_wconf 71' lang='lat'><strong>712„</strong></span> <span class='ocrx_word' id='word_1_530' title='bbox 2509 4598 2715 4657; x_wconf 81' lang='lat' dir='ltr'><strong>Iuliano</strong></span> <span class='ocrx_word' id='word_1_531' title='bbox 2747 4611 2959 4674; x_wconf 81' lang='lat' dir='ltr'><strong>quarte.</strong></span> 
     </span>
    </p>
   </div>
  </div>
 </body>
</html>
