<?xml version="1.0" encoding="UTF-8"?>
<!DOCTYPE html PUBLIC "-//W3C//DTD XHTML 1.0 Transitional//EN"
    "http://www.w3.org/TR/xhtml1/DTD/xhtml1-transitional.dtd">
<html xmlns="http://www.w3.org/1999/xhtml" xml:lang="en" lang="en">
 <head>
  <title>
</title>
<meta http-equiv="Content-Type" content="text/html;charset=utf-8" />
  <meta name='ocr-system' content='tesseract 3.04.00' />
  <meta name='ocr-capabilities' content='ocr_page ocr_carea ocr_par ocr_line ocrx_word'/>
</head>
<body>
  <div class='ocr_page' id='page_1' title='image "./corporishaerese06oehlgoog_0027.png"; bbox 0 0 3185 5219; ppageno 0'>
   <div class='ocr_carea' id='block_1_1' title="bbox 2423 399 2558 459">
    <p class='ocr_par' dir='ltr' id='par_1_1' title="bbox 2423 399 2558 459">
     <span class='ocr_line' id='line_1_1' title="bbox 2423 399 2558 459; baseline 0 -2"><span class='ocrx_word' id='word_1_1' title='bbox 2423 399 2558 459; x_wconf 81' lang='lat' dir='ltr'><strong>xlx</strong></span> 
     </span>
    </p>
   </div>
   <div class='ocr_carea' id='block_1_2' title="bbox 230 553 2560 711">
    <p class='ocr_par' dir='ltr' id='par_1_2' title="bbox 230 553 2560 711">
     <span class='ocr_line' id='line_1_2' title="bbox 232 553 2559 626; baseline 0 -18"><span class='ocrx_word' id='word_1_2' title='bbox 232 554 387 608; x_wconf 79' lang='lat' dir='ltr'><strong>m‘bns</strong></span> <span class='ocrx_word' id='word_1_3' title='bbox 404 553 676 608; x_wconf 82' lang='lat' dir='ltr'><strong>recensitis</strong></span> <span class='ocrx_word' id='word_1_4' title='bbox 708 554 953 609; x_wconf 87' lang='lat' dir='ltr'><strong>omnibns</strong></span> <span class='ocrx_word' id='word_1_5' title='bbox 985 554 1088 609; x_wconf 87' lang='lat' dir='ltr'><strong>tria</strong></span> <span class='ocrx_word' id='word_1_6' title='bbox 1118 553 1392 609; x_wconf 71' lang='lat' dir='ltr'><strong>intervalla</strong></span> <span class='ocrx_word' id='word_1_7' title='bbox 1421 553 1720 626; x_wconf 79' lang='lat' dir='ltr'><strong>distinguit,</strong></span> <span class='ocrx_word' id='word_1_8' title='bbox 1753 554 1943 626; x_wconf 89' lang='lat' dir='ltr'><strong>quibus</strong></span> <span class='ocrx_word' id='word_1_9' title='bbox 1972 554 2195 626; x_wconf 84' lang='lat' dir='ltr'><strong>singulis</strong></span> <span class='ocrx_word' id='word_1_10' title='bbox 2217 568 2309 610; x_wconf 78' lang='lat' dir='ltr'><strong>xxv</strong></span> <span class='ocrx_word' id='word_1_11' title='bbox 2341 570 2559 626; x_wconf 74' lang='lat' dir='ltr'><strong>genera·</strong></span> 
     </span>
     <span class='ocr_line' id='line_1_3' title="bbox 230 639 2560 711; baseline 0.001 -18"><span class='ocrx_word' id='word_1_12' title='bbox 230 641 395 693; x_wconf 83' lang='lat' dir='ltr'><strong>tiones</strong></span> <span class='ocrx_word' id='word_1_13' title='bbox 427 641 686 711; x_wconf 84' lang='lat' dir='ltr'><strong>assignat.</strong></span> <span class='ocrx_word' id='word_1_14' title='bbox 751 639 823 694; x_wconf 82' lang='lat' dir='ltr'><strong>Ut</strong></span> <span class='ocrx_word' id='word_1_15' title='bbox 854 645 982 711; x_wconf 89' lang='lat' dir='ltr'><strong>puta</strong></span> <span class='ocrx_word' id='word_1_16' title='bbox 1013 641 1082 694; x_wconf 89' lang='lat' dir='ltr'><strong>ab</strong></span> <span class='ocrx_word' id='word_1_17' title='bbox 1103 639 1402 695; x_wconf 82' lang='lat' dir='ltr'><strong>Abrahamo</strong></span> <span class='ocrx_word' id='word_1_18' title='bbox 1435 641 1504 694; x_wconf 78' lang='lat' dir='ltr'><strong>ad</strong></span> <span class='ocrx_word' id='word_1_19' title='bbox 1534 640 1788 695; x_wconf 78' lang='lat' dir='ltr'><strong>Davidem</strong></span> <span class='ocrx_word' id='word_1_20' title='bbox 1808 659 1927 696; x_wconf 79' lang='lat' dir='ltr'><strong>nv:</strong></span> <span class='ocrx_word' id='word_1_21' title='bbox 1957 642 2175 695; x_wconf 85' lang='lat' dir='ltr'><strong>totidem</strong></span> <span class='ocrx_word' id='word_1_22' title='bbox 2206 658 2240 695; x_wconf 89' lang='lat' dir='ltr'><strong>a</strong></span> <span class='ocrx_word' id='word_1_23' title='bbox 2262 641 2460 699; x_wconf 82' lang='lat' dir='ltr'><strong>Davide</strong></span> <span class='ocrx_word' id='word_1_24' title='bbox 2491 643 2560 696; x_wconf 78' lang='lat' dir='ltr'><strong>ad</strong></span> 
     </span>
    </p>
   </div>
   <div class='ocr_carea' id='block_1_3' title="bbox 227 706 2668 797">
    <p class='ocr_par' dir='ltr' id='par_1_3' title="bbox 227 706 2668 797">
     <span class='ocr_line' id='line_1_4' title="bbox 227 706 2668 797; baseline 0 -17"><span class='ocrx_word' id='word_1_25' title='bbox 227 726 741 796; x_wconf 72' lang='lat' dir='ltr'><strong>transmigrationm</strong></span> <span class='ocrx_word' id='word_1_26' title='bbox 773 724 1089 796; x_wconf 82' lang='lat' dir='ltr'><strong>Babylonis:</strong></span> <span class='ocrx_word' id='word_1_27' title='bbox 1130 743 1193 781; x_wconf 83' lang='lat' dir='ltr'><strong>ac</strong></span> <span class='ocrx_word' id='word_1_28' title='bbox 1219 731 1484 796; x_wconf 79' lang='lat' dir='ltr'><strong>postremo</strong></span> <span class='ocrx_word' id='word_1_29' title='bbox 1514 726 1731 780; x_wconf 83' lang='lat' dir='ltr'><strong>totidem</strong></span> <span class='ocrx_word' id='word_1_30' title='bbox 1767 743 1801 780; x_wconf 79' lang='lat' dir='ltr'><strong>a</strong></span> <span class='ocrx_word' id='word_1_31' title='bbox 1829 727 2287 797; x_wconf 66' lang='lat' dir='ltr'><strong>transmigratione</strong></span> <span class='ocrx_word' id='word_1_32' title='bbox 2316 727 2384 781; x_wconf 81' lang='lat' dir='ltr'><strong>ad</strong></span> <span class='ocrx_word' id='word_1_33' title='bbox 2415 726 2560 781; x_wconf 84' lang='lat' dir='ltr'><strong>Chri-</strong></span> <span class='ocrx_word' id='word_1_34' title='bbox 2657 706 2668 711; x_wconf 38' lang='lat'>⁸</span> 
     </span>
    </p>
   </div>
   <div class='ocr_carea' id='block_1_4' title="bbox 211 812 2560 4831">
    <p class='ocr_par' dir='ltr' id='par_1_4' title="bbox 215 812 2560 2945">
     <span class='ocr_line' id='line_1_5' title="bbox 228 812 2560 884; baseline 0 -19"><span class='ocrx_word' id='word_1_35' title='bbox 228 816 381 865; x_wconf 81' lang='lat' dir='ltr'><strong>stum.</strong></span> <span class='ocrx_word' id='word_1_36' title='bbox 442 812 507 865; x_wconf 88' lang='lat' dir='ltr'><strong>In</strong></span> <span class='ocrx_word' id='word_1_37' title='bbox 540 812 748 867; x_wconf 81' lang='lat' dir='ltr'><strong>duobus</strong></span> <span class='ocrx_word' id='word_1_38' title='bbox 781 812 1064 867; x_wconf 82' lang='lat' dir='ltr'><strong>intervallis</strong></span> <span class='ocrx_word' id='word_1_39' title='bbox 1094 812 1354 884; x_wconf 76' lang='lat' dir='ltr'><strong>prioribus</strong></span> <span class='ocrx_word' id='word_1_40' title='bbox 1388 817 1594 866; x_wconf 86' lang='lat' dir='ltr'><strong>constat</strong></span> <span class='ocrx_word' id='word_1_41' title='bbox 1621 828 1896 878; x_wconf 80' lang='lat' dir='ltr'><strong>numerus3</strong></span> <span class='ocrx_word' id='word_1_42' title='bbox 1925 813 1982 866; x_wconf 89' lang='lat' dir='ltr'><strong>in</strong></span> <span class='ocrx_word' id='word_1_43' title='bbox 2008 814 2161 866; x_wconf 89' lang='lat' dir='ltr'><strong>tertio</strong></span> <span class='ocrx_word' id='word_1_44' title='bbox 2185 830 2285 869; x_wconf 82' lang='lat' dir='ltr'><strong>xm</strong></span> <span class='ocrx_word' id='word_1_45' title='bbox 2306 813 2560 867; x_wconf 79' lang='lat' dir='ltr'><strong>duntaxat</strong></span> 
     </span>
     <span class='ocr_line' id='line_1_6' title="bbox 226 897 2559 969; baseline 0 -18"><span class='ocrx_word' id='word_1_46' title='bbox 226 898 393 969; x_wconf 65' lang='lat' dir='ltr'><strong>cupita</strong></span> <span class='ocrx_word' id='word_1_47' title='bbox 414 904 774 954; x_wconf 86' lang='lat' dir='ltr'><strong>numerantur.</strong></span> <span class='ocrx_word' id='word_1_48' title='bbox 831 897 965 952; x_wconf 75' lang='lat' dir='ltr'><strong>Num</strong></span> <span class='ocrx_word' id='word_1_49' title='bbox 997 898 1394 969; x_wconf 73' lang='lat' dir='ltr'><strong>generationum</strong></span> <span class='ocrx_word' id='word_1_50' title='bbox 1424 898 1640 951; x_wconf 86' lang='lat' dir='ltr'><strong>nomine</strong></span> <span class='ocrx_word' id='word_1_51' title='bbox 1658 914 1908 968; x_wconf 77' lang='lat' dir='ltr'><strong>personas</strong></span> <span class='ocrx_word' id='word_1_52' title='bbox 1930 899 2073 969; x_wconf 74' lang='lat' dir='ltr'><strong>ipsus</strong></span> <span class='ocrx_word' id='word_1_53' title='bbox 2095 897 2389 952; x_wconf 74' lang='lat' dir='ltr'><strong>Matthaeus</strong></span> <span class='ocrx_word' id='word_1_54' title='bbox 2409 899 2559 952; x_wconf 89' lang='lat' dir='ltr'><strong>intel·</strong></span> 
     </span>
     <span class='ocr_line' id='line_1_7' title="bbox 226 983 2558 1054; baseline 0.001 -17"><span class='ocrx_word' id='word_1_55' title='bbox 226 983 366 1053; x_wconf 71' lang='lat' dir='ltr'><strong>ugit,</strong></span> <span class='ocrx_word' id='word_1_56' title='bbox 400 998 539 1053; x_wconf 86' lang='lat' dir='ltr'><strong>quae</strong></span> <span class='ocrx_word' id='word_1_57' title='bbox 563 990 657 1037; x_wconf 82' lang='lat' dir='ltr'><strong>ant</strong></span> <span class='ocrx_word' id='word_1_58' title='bbox 677 984 927 1053; x_wconf 86' lang='lat' dir='ltr'><strong>gignunt,</strong></span> <span class='ocrx_word' id='word_1_59' title='bbox 962 989 1055 1037; x_wconf 88' lang='lat' dir='ltr'><strong>aut</strong></span> <span class='ocrx_word' id='word_1_60' title='bbox 1076 984 1377 1054; x_wconf 88' lang='lat' dir='ltr'><strong>gignuntur.</strong></span> <span class='ocrx_word' id='word_1_61' title='bbox 1442 983 1612 1048; x_wconf 80' lang='lat' dir='ltr'><strong>Quare</strong></span> <span class='ocrx_word' id='word_1_62' title='bbox 1636 1000 1802 1038; x_wconf 89' lang='lat' dir='ltr'><strong>unum</strong></span> <span class='ocrx_word' id='word_1_63' title='bbox 1823 984 2034 1054; x_wconf 81' lang='lat' dir='ltr'><strong>aliquod</strong></span> <span class='ocrx_word' id='word_1_64' title='bbox 2055 1000 2248 1038; x_wconf 88' lang='lat' dir='ltr'><strong>nomen</strong></span> <span class='ocrx_word' id='word_1_65' title='bbox 2269 985 2380 1039; x_wconf 76' lang='lat' dir='ltr'><strong>sive</strong></span> <span class='ocrx_word' id='word_1_66' title='bbox 2402 999 2558 1054; x_wconf 88' lang='lat' dir='ltr'><strong>gene·</strong></span> 
     </span>
     <span class='ocr_line' id='line_1_8' title="bbox 224 1068 2558 1124; baseline 0.001 -2"><span class='ocrx_word' id='word_1_67' title='bbox 224 1070 355 1123; x_wconf 89' lang='lat' dir='ltr'><strong>ratio</strong></span> <span class='ocrx_word' id='word_1_68' title='bbox 376 1086 489 1124; x_wconf 75' lang='lat' dir='ltr'><strong>uns</strong></span> <span class='ocrx_word' id='word_1_69' title='bbox 510 1069 849 1124; x_wconf 75' lang='lat' dir='ltr'><strong>desideratur.</strong></span> <span class='ocrx_word' id='word_1_70' title='bbox 897 1069 1031 1124; x_wconf 82' lang='lat' dir='ltr'><strong>Oum</strong></span> <span class='ocrx_word' id='word_1_71' title='bbox 1059 1068 1198 1124; x_wconf 89' lang='lat' dir='ltr'><strong>hunc</strong></span> <span class='ocrx_word' id='word_1_72' title='bbox 1218 1068 1471 1123; x_wconf 72' lang='lat' dir='ltr'><strong>Matthaei</strong></span> <span class='ocrx_word' id='word_1_73' title='bbox 1502 1071 1680 1124; x_wconf 89' lang='lat' dir='ltr'><strong>locum</strong></span> <span class='ocrx_word' id='word_1_74' title='bbox 1703 1070 1980 1124; x_wconf 78' lang='lat' dir='ltr'><strong>Christiani</strong></span> <span class='ocrx_word' id='word_1_75' title='bbox 2001 1071 2227 1124; x_wconf 82' lang='lat' dir='ltr'><strong>nominis</strong></span> <span class='ocrx_word' id='word_1_76' title='bbox 2248 1068 2424 1124; x_wconf 88' lang='lat' dir='ltr'><strong>hostes</strong></span> <span class='ocrx_word' id='word_1_77' title='bbox 2447 1076 2558 1124; x_wconf 78' lang='lat' dir='ltr'><strong>tsn-</strong></span> 
     </span>
     <span class='ocr_line' id='line_1_9' title="bbox 226 1154 2558 1226; baseline -0 -17"><span class='ocrx_word' id='word_1_78' title='bbox 226 1170 381 1225; x_wconf 77' lang='lat' dir='ltr'><strong>qnam</strong></span> <span class='ocrx_word' id='word_1_79' title='bbox 414 1156 837 1210; x_wconf 76' lang='lat' dir='ltr'><strong>inextricabilem</strong></span> <span class='ocrx_word' id='word_1_80' title='bbox 868 1155 1175 1220; x_wconf 85' lang='lat' dir='ltr'><strong>obiicerent,</strong></span> <span class='ocrx_word' id='word_1_81' title='bbox 1210 1156 1532 1226; x_wconf 77' lang='lat' dir='ltr'><strong>quaestionis</strong></span> <span class='ocrx_word' id='word_1_82' title='bbox 1564 1154 1843 1209; x_wconf 81' lang='lat' dir='ltr'><strong>difficultas</strong></span> <span class='ocrx_word' id='word_1_83' title='bbox 1876 1161 2174 1209; x_wconf 79' lang='lat' dir='ltr'><strong>nostrorum</strong></span> <span class='ocrx_word' id='word_1_84' title='bbox 2203 1155 2452 1209; x_wconf 79' lang='lat' dir='ltr'><strong>excitavit</strong></span> <span class='ocrx_word' id='word_1_85' title='bbox 2479 1156 2558 1208; x_wconf 88' lang='lat' dir='ltr'><strong>in-</strong></span> 
     </span>
     <span class='ocr_line' id='line_1_10' title="bbox 224 1239 2558 1312; baseline 0 -18"><span class='ocrx_word' id='word_1_86' title='bbox 224 1242 404 1310; x_wconf 79' lang='lat' dir='ltr'><strong>genia,</strong></span> <span class='ocrx_word' id='word_1_87' title='bbox 427 1248 485 1295; x_wconf 87' lang='lat' dir='ltr'><strong>et</strong></span> <span class='ocrx_word' id='word_1_88' title='bbox 502 1243 812 1296; x_wconf 77' lang='lat' dir='ltr'><strong>innumerae</strong></span> <span class='ocrx_word' id='word_1_89' title='bbox 841 1242 1070 1295; x_wconf 87' lang='lat' dir='ltr'><strong>rationes</strong></span> <span class='ocrx_word' id='word_1_90' title='bbox 1093 1242 1421 1312; x_wconf 75' lang='lat' dir='ltr'><strong>excogitatae</strong></span> <span class='ocrx_word' id='word_1_91' title='bbox 1444 1246 1589 1295; x_wconf 84' lang='lat' dir='ltr'><strong>sunt:</strong></span> <span class='ocrx_word' id='word_1_92' title='bbox 1627 1257 1849 1311; x_wconf 84' lang='lat' dir='ltr'><strong>quarum</strong></span> <span class='ocrx_word' id='word_1_93' title='bbox 1879 1239 2008 1294; x_wconf 85' lang='lat' dir='ltr'><strong>haec</strong></span> <span class='ocrx_word' id='word_1_94' title='bbox 2040 1242 2298 1312; x_wconf 79' lang='lat' dir='ltr'><strong>plerisque</strong></span> <span class='ocrx_word' id='word_1_95' title='bbox 2331 1258 2558 1295; x_wconf 82' lang='lat' dir='ltr'><strong>eommo-</strong></span> 
     </span>
     <span class='ocr_line' id='line_1_11' title="bbox 224 1325 2559 1398; baseline 0 -18"><span class='ocrx_word' id='word_1_96' title='bbox 224 1326 441 1380; x_wconf 83' lang='lat' dir='ltr'><strong>dissima</strong></span> <span class='ocrx_word' id='word_1_97' title='bbox 480 1327 711 1395; x_wconf 75' lang='lat' dir='ltr'><strong>videtur,</strong></span> <span class='ocrx_word' id='word_1_98' title='bbox 754 1332 813 1380; x_wconf 90' lang='lat' dir='ltr'><strong>ut</strong></span> <span class='ocrx_word' id='word_1_99' title='bbox 849 1327 1177 1381; x_wconf 85' lang='lat' dir='ltr'><strong>librariorum</strong></span> <span class='ocrx_word' id='word_1_100' title='bbox 1216 1327 1372 1398; x_wconf 83' lang='lat' dir='ltr'><strong>culpa</strong></span> <span class='ocrx_word' id='word_1_101' title='bbox 1409 1343 1601 1380; x_wconf 90' lang='lat' dir='ltr'><strong>nomen</strong></span> <span class='ocrx_word' id='word_1_102' title='bbox 1640 1325 1850 1397; x_wconf 77' lang='lat' dir='ltr'><strong>aliquod</strong></span> <span class='ocrx_word' id='word_1_103' title='bbox 1886 1326 2150 1381; x_wconf 85' lang='lat' dir='ltr'><strong>exciderit.</strong></span> <span class='ocrx_word' id='word_1_104' title='bbox 2212 1327 2559 1391; x_wconf 76' lang='lat' dir='ltr'><strong>Quamobrem</strong></span> 
     </span>
     <span class='ocr_line' id='line_1_12' title="bbox 223 1411 2557 1484; baseline 0 -18"><span class='ocrx_word' id='word_1_105' title='bbox 223 1411 551 1484; x_wconf 78' lang='lat' dir='ltr'><strong>Epiphanius</strong></span> <span class='ocrx_word' id='word_1_106' title='bbox 572 1411 870 1467; x_wconf 80' lang='lat' dir='ltr'><strong>lechonism</strong></span> <span class='ocrx_word' id='word_1_107' title='bbox 903 1413 986 1466; x_wconf 90' lang='lat' dir='ltr'><strong>bis</strong></span> <span class='ocrx_word' id='word_1_108' title='bbox 1022 1428 1055 1465; x_wconf 78' lang='lat' dir='ltr'><strong>a</strong></span> <span class='ocrx_word' id='word_1_109' title='bbox 1074 1411 1339 1467; x_wconf 78' lang='lat' dir='ltr'><strong>Matthsee</strong></span> <span class='ocrx_word' id='word_1_110' title='bbox 1373 1413 1602 1484; x_wconf 84' lang='lat' dir='ltr'><strong>positum</strong></span> <span class='ocrx_word' id='word_1_111' title='bbox 1625 1412 1928 1478; x_wconf 80' lang='lat' dir='ltr'><strong>arbitratur3</strong></span> <span class='ocrx_word' id='word_1_112' title='bbox 1957 1429 2120 1483; x_wconf 88' lang='lat' dir='ltr'><strong>quam</strong></span> <span class='ocrx_word' id='word_1_113' title='bbox 2151 1412 2385 1468; x_wconf 84' lang='lat' dir='ltr'><strong>eiusdem</strong></span> <span class='ocrx_word' id='word_1_114' title='bbox 2405 1429 2557 1466; x_wconf 78' lang='lat' dir='ltr'><strong>vocs-</strong></span> 
     </span>
     <span class='ocr_line' id='line_1_13' title="bbox 222 1497 2559 1570; baseline 0 -18"><span class='ocrx_word' id='word_1_115' title='bbox 222 1498 329 1552; x_wconf 69' lang='lat' dir='ltr'><strong>buli</strong></span> <span class='ocrx_word' id='word_1_116' title='bbox 360 1499 731 1570; x_wconf 76' lang='lat' dir='ltr'><strong>repetitionem</strong></span> <span class='ocrx_word' id='word_1_117' title='bbox 761 1498 1105 1570; x_wconf 80' lang='lat' dir='ltr'><strong>exscriptores</strong></span> <span class='ocrx_word' id='word_1_118' title='bbox 1138 1498 1381 1553; x_wconf 81' lang='lat' dir='ltr'><strong>vitiosam</strong></span> <span class='ocrx_word' id='word_1_119' title='bbox 1411 1499 1510 1552; x_wconf 70' lang='lat' dir='ltr'><strong>rati</strong></span> <span class='ocrx_word' id='word_1_120' title='bbox 1538 1503 1871 1570; x_wconf 79' lang='lat' dir='ltr'><strong>praepostere</strong></span> <span class='ocrx_word' id='word_1_121' title='bbox 1902 1503 2251 1552; x_wconf 74' lang='lat' dir='ltr'><strong>correxerunt.</strong></span> <span class='ocrx_word' id='word_1_122' title='bbox 2312 1497 2453 1568; x_wconf 81' lang='lat' dir='ltr'><strong>Ergo</strong></span> <span class='ocrx_word' id='word_1_123' title='bbox 2483 1499 2559 1552; x_wconf 91' lang='lat' dir='ltr'><strong>ita</strong></span> 
     </span>
     <span class='ocr_line' id='line_1_14' title="bbox 222 1584 2558 1655; baseline -0.001 -16"><span class='ocrx_word' id='word_1_124' title='bbox 222 1584 553 1639; x_wconf 67' lang='lat' dir='ltr'><strong>Estfflaem</strong></span> <span class='ocrx_word' id='word_1_125' title='bbox 576 1584 847 1655; x_wconf 75' lang='lat' dir='ltr'><strong>scripsisse</strong></span> <span class='ocrx_word' id='word_1_126' title='bbox 877 1589 1049 1655; x_wconf 82' lang='lat' dir='ltr'><strong>putat:</strong></span> <span class='ocrx_word' id='word_1_127' title='bbox 1099 1585 1271 1638; x_wconf 74' lang='lat' dir='ltr'><strong>Iost‘as</strong></span> <span class='ocrx_word' id='word_1_128' title='bbox 1305 1594 1471 1638; x_wconf 69' lang='lat' dir='ltr'><strong>autem</strong></span> <span class='ocrx_word' id='word_1_129' title='bbox 1496 1588 1677 1653; x_wconf 69' lang='lat' dir='ltr'><strong>yemit</strong></span> <span class='ocrx_word' id='word_1_130' title='bbox 1702 1584 2023 1649; x_wconf 69' lang='lat' dir='ltr'><strong>leobanium,</strong></span> <span class='ocrx_word' id='word_1_131' title='bbox 2059 1593 2110 1637; x_wconf 80' lang='lat' dir='ltr'><strong>et</strong></span> <span class='ocrx_word' id='word_1_132' title='bbox 2125 1589 2334 1654; x_wconf 72' lang='lat' dir='ltr'><strong>fratres</strong></span> <span class='ocrx_word' id='word_1_133' title='bbox 2365 1588 2473 1637; x_wconf 75' lang='lat' dir='ltr'><strong>eim</strong></span> <span class='ocrx_word' id='word_1_134' title='bbox 2502 1588 2558 1637; x_wconf 75' lang='lat' dir='ltr'><strong>in</strong></span> 
     </span>
     <span class='ocr_line' id='line_1_15' title="bbox 221 1669 2556 1740; baseline 0 -18"><span class='ocrx_word' id='word_1_135' title='bbox 221 1674 678 1740; x_wconf 61' lang='lat' dir='ltr'><strong>nam-amam</strong></span> <span class='ocrx_word' id='word_1_136' title='bbox 703 1669 1007 1739; x_wconf 67' lang='lat' dir='ltr'><strong>Babylonis.-</strong></span> <span class='ocrx_word' id='word_1_137' title='bbox 1062 1669 1338 1724; x_wconf 66' lang='lat' dir='ltr'><strong>[echon-‘as</strong></span> <span class='ocrx_word' id='word_1_138' title='bbox 1362 1679 1525 1723; x_wconf 72' lang='lat' dir='ltr'><strong>autem</strong></span> <span class='ocrx_word' id='word_1_139' title='bbox 1545 1674 1726 1738; x_wconf 71' lang='lat' dir='ltr'><strong>qenait</strong></span> <span class='ocrx_word' id='word_1_140' title='bbox 1742 1670 2036 1723; x_wconf 58' lang='lat' dir='ltr'><strong>leodonium</strong></span> <span class='ocrx_word' id='word_1_141' title='bbox 2048 1708 2064 1735; x_wconf 92' lang='lat'><strong>,</strong></span> <span class='ocrx_word' id='word_1_142' title='bbox 2098 1670 2373 1723; x_wconf 69' lang='lat' dir='ltr'><strong>Ieclsonias</strong></span> <span class='ocrx_word' id='word_1_143' title='bbox 2393 1680 2556 1724; x_wconf 75' lang='lat' dir='ltr'><strong>auten·</strong></span> 
     </span>
     <span class='ocr_line' id='line_1_16' title="bbox 219 1753 2555 1826; baseline 0 -17"><span class='ocrx_word' id='word_1_144' title='bbox 219 1761 397 1825; x_wconf 66' lang='lat' dir='ltr'><strong>yem&#39;t</strong></span> <span class='ocrx_word' id='word_1_145' title='bbox 420 1755 687 1809; x_wconf 64' lang='lat' dir='ltr'><strong>salathiel</strong></span> <span class='ocrx_word' id='word_1_146' title='bbox 714 1760 810 1810; x_wconf 81' lang='lat' dir='ltr'><strong>etc.</strong></span> <span class='ocrx_word' id='word_1_147' title='bbox 877 1755 987 1809; x_wconf 90' lang='lat' dir='ltr'><strong>Iam</strong></span> <span class='ocrx_word' id='word_1_148' title='bbox 1026 1756 1221 1809; x_wconf 82' lang='lat' dir='ltr'><strong>scimus</strong></span> <span class='ocrx_word' id='word_1_149' title='bbox 1263 1755 1381 1826; x_wconf 85' lang='lat' dir='ltr'><strong>quis</strong></span> <span class='ocrx_word' id='word_1_150' title='bbox 1421 1771 1491 1809; x_wconf 82' lang='lat' dir='ltr'><strong>ex</strong></span> <span class='ocrx_word' id='word_1_151' title='bbox 1519 1754 1796 1826; x_wconf 86' lang='lat' dir='ltr'><strong>Epiphanii</strong></span> <span class='ocrx_word' id='word_1_152' title='bbox 1834 1760 2008 1809; x_wconf 88' lang='lat' dir='ltr'><strong>mente</strong></span> <span class='ocrx_word' id='word_1_153' title='bbox 2038 1756 2110 1809; x_wconf 89' lang='lat' dir='ltr'><strong>sit</strong></span> <span class='ocrx_word' id='word_1_154' title='bbox 2141 1753 2410 1809; x_wconf 80' lang='lat' dir='ltr'><strong>lechoniaa</strong></span> <span class='ocrx_word' id='word_1_155' title='bbox 2439 1755 2555 1811; x_wconf 84' lang='lat' dir='ltr'><strong>iste.</strong></span> 
     </span>
     <span class='ocr_line' id='line_1_17' title="bbox 219 1839 2557 1907; baseline -0 -12"><span class='ocrx_word' id='word_1_156' title='bbox 219 1841 365 1895; x_wconf 80' lang='lat' dir='ltr'><strong>Prior</strong></span> <span class='ocrx_word' id='word_1_157' title='bbox 397 1842 544 1895; x_wconf 87' lang='lat' dir='ltr'><strong>enim</strong></span> <span class='ocrx_word' id='word_1_158' title='bbox 578 1847 661 1894; x_wconf 87' lang='lat' dir='ltr'><strong>est</strong></span> <span class='ocrx_word' id='word_1_159' title='bbox 689 1839 891 1895; x_wconf 83' lang='lat' dir='ltr'><strong>Ioakim</strong></span> <span class='ocrx_word' id='word_1_160' title='bbox 922 1841 1033 1895; x_wconf 71' lang='lat' dir='ltr'><strong>sive</strong></span> <span class='ocrx_word' id='word_1_161' title='bbox 1064 1840 1308 1907; x_wconf 79' lang='lat' dir='ltr'><strong>Bliacim,</strong></span> <span class='ocrx_word' id='word_1_162' title='bbox 1347 1841 1515 1895; x_wconf 86' lang='lat' dir='ltr'><strong>Iosiae</strong></span> <span class='ocrx_word' id='word_1_163' title='bbox 1544 1840 1604 1895; x_wconf 77' lang='lat' dir='ltr'><strong>F.</strong></span> <span class='ocrx_word' id='word_1_164' title='bbox 1637 1841 1898 1895; x_wconf 83' lang='lat' dir='ltr'><strong>Posterior</strong></span> <span class='ocrx_word' id='word_1_165' title='bbox 1934 1842 2037 1895; x_wconf 85' lang='lat' dir='ltr'><strong>alio</strong></span> <span class='ocrx_word' id='word_1_166' title='bbox 2069 1843 2286 1896; x_wconf 83' lang='lat' dir='ltr'><strong>nomine</strong></span> <span class='ocrx_word' id='word_1_167' title='bbox 2314 1841 2557 1895; x_wconf 83' lang='lat' dir='ltr'><strong>Sedecias</strong></span> 
     </span>
     <span class='ocr_line' id='line_1_18' title="bbox 219 1926 2558 1998; baseline -0 -16"><span class='ocrx_word' id='word_1_168' title='bbox 219 1927 387 1982; x_wconf 82' lang='lat' dir='ltr'><strong>dictus</strong></span> <span class='ocrx_word' id='word_1_169' title='bbox 412 1932 513 1981; x_wconf 73' lang='lat' dir='ltr'><strong>est.</strong></span> <span class='ocrx_word' id='word_1_170' title='bbox 561 1927 665 1981; x_wconf 78' lang='lat' dir='ltr'><strong>Sed</strong></span> <span class='ocrx_word' id='word_1_171' title='bbox 690 1942 848 1997; x_wconf 86' lang='lat' dir='ltr'><strong>qnam</strong></span> <span class='ocrx_word' id='word_1_172' title='bbox 871 1926 1158 1980; x_wconf 71' lang='lat' dir='ltr'><strong>absurdum</strong></span> <span class='ocrx_word' id='word_1_173' title='bbox 1178 1926 1307 1980; x_wconf 84' lang='lat' dir='ltr'><strong>illud</strong></span> <span class='ocrx_word' id='word_1_174' title='bbox 1330 1928 1425 1992; x_wconf 89' lang='lat' dir='ltr'><strong>sit,</strong></span> <span class='ocrx_word' id='word_1_175' title='bbox 1454 1943 1484 1980; x_wconf 89' lang='lat' dir='ltr'><strong>e</strong></span> <span class='ocrx_word' id='word_1_176' title='bbox 1507 1927 1863 1998; x_wconf 78' lang='lat' dir='ltr'><strong>superioribus</strong></span> <span class='ocrx_word' id='word_1_177' title='bbox 1887 1933 2107 1981; x_wconf 77' lang='lat' dir='ltr'><strong>constat.</strong></span> <span class='ocrx_word' id='word_1_178' title='bbox 2152 1927 2288 1981; x_wconf 81' lang='lat' dir='ltr'><strong>Nam</strong></span> <span class='ocrx_word' id='word_1_179' title='bbox 2309 1928 2358 1981; x_wconf 83' lang='lat' dir='ltr'><strong>si</strong></span> <span class='ocrx_word' id='word_1_180' title='bbox 2378 1928 2442 1981; x_wconf 91' lang='lat' dir='ltr'><strong>de</strong></span> <span class='ocrx_word' id='word_1_181' title='bbox 2465 1927 2558 1982; x_wconf 85' lang='lat' dir='ltr'><strong>Se·</strong></span> 
     </span>
     <span class='ocr_line' id='line_1_19' title="bbox 220 2012 2557 2084; baseline 0 -17"><span class='ocrx_word' id='word_1_182' title='bbox 220 2013 365 2067; x_wconf 83' lang='lat' dir='ltr'><strong>decia</strong></span> <span class='ocrx_word' id='word_1_183' title='bbox 385 2029 517 2084; x_wconf 87' lang='lat' dir='ltr'><strong>rege</strong></span> <span class='ocrx_word' id='word_1_184' title='bbox 549 2013 817 2082; x_wconf 85' lang='lat' dir='ltr'><strong>loquatur,</strong></span> <span class='ocrx_word' id='word_1_185' title='bbox 851 2012 989 2084; x_wconf 89' lang='lat' dir='ltr'><strong>quod</strong></span> <span class='ocrx_word' id='word_1_186' title='bbox 1021 2029 1090 2065; x_wconf 84' lang='lat' dir='ltr'><strong>ex</strong></span> <span class='ocrx_word' id='word_1_187' title='bbox 1122 2012 1258 2083; x_wconf 84' lang='lat' dir='ltr'><strong>regii</strong></span> <span class='ocrx_word' id='word_1_188' title='bbox 1287 2012 1579 2066; x_wconf 84' lang='lat' dir='ltr'><strong>stemmatis</strong></span> <span class='ocrx_word' id='word_1_189' title='bbox 1615 2013 1944 2067; x_wconf 75' lang='lat' dir='ltr'><strong>successione</strong></span> <span class='ocrx_word' id='word_1_190' title='bbox 1974 2012 2178 2066; x_wconf 78' lang='lat' dir='ltr'><strong>videtur</strong></span> <span class='ocrx_word' id='word_1_191' title='bbox 2207 2013 2366 2077; x_wconf 78' lang='lat' dir='ltr'><strong>velle,</strong></span> <span class='ocrx_word' id='word_1_192' title='bbox 2399 2013 2557 2067; x_wconf 84' lang='lat' dir='ltr'><strong>Sede-</strong></span> 
     </span>
     <span class='ocr_line' id='line_1_20' title="bbox 219 2097 2557 2169; baseline 0.001 -17"><span class='ocrx_word' id='word_1_193' title='bbox 219 2099 325 2152; x_wconf 85' lang='lat' dir='ltr'><strong>cias</strong></span> <span class='ocrx_word' id='word_1_194' title='bbox 358 2116 471 2153; x_wconf 91' lang='lat' dir='ltr'><strong>non</strong></span> <span class='ocrx_word' id='word_1_195' title='bbox 504 2097 780 2152; x_wconf 82' lang='lat' dir='ltr'><strong>lechonise</strong></span> <span class='ocrx_word' id='word_1_196' title='bbox 812 2114 982 2169; x_wconf 88' lang='lat' dir='ltr'><strong>neque</strong></span> <span class='ocrx_word' id='word_1_197' title='bbox 1004 2097 1251 2164; x_wconf 81' lang='lat' dir='ltr'><strong>Ioakimi,</strong></span> <span class='ocrx_word' id='word_1_198' title='bbox 1285 2097 1379 2151; x_wconf 87' lang='lat' dir='ltr'><strong>sed</strong></span> <span class='ocrx_word' id='word_1_199' title='bbox 1409 2098 1579 2152; x_wconf 87' lang='lat' dir='ltr'><strong>Iosiae</strong></span> <span class='ocrx_word' id='word_1_200' title='bbox 1612 2098 1753 2152; x_wconf 89' lang='lat' dir='ltr'><strong>filius</strong></span> <span class='ocrx_word' id='word_1_201' title='bbox 1785 2106 1879 2153; x_wconf 78' lang='lat' dir='ltr'><strong>est.</strong></span> <span class='ocrx_word' id='word_1_202' title='bbox 1928 2098 2023 2152; x_wconf 85' lang='lat' dir='ltr'><strong>Sin</strong></span> <span class='ocrx_word' id='word_1_203' title='bbox 2045 2100 2264 2152; x_wconf 82' lang='lat' dir='ltr'><strong>alterum</strong></span> <span class='ocrx_word' id='word_1_204' title='bbox 2287 2098 2557 2154; x_wconf 87' lang='lat' dir='ltr'><strong>Sedecism</strong></span> 
     </span>
     <span class='ocr_line' id='line_1_21' title="bbox 218 2183 2555 2256; baseline 0 -18"><span class='ocrx_word' id='word_1_205' title='bbox 218 2185 507 2255; x_wconf 81' lang='lat' dir='ltr'><strong>intelligat,</strong></span> <span class='ocrx_word' id='word_1_206' title='bbox 543 2184 635 2255; x_wconf 89' lang='lat' dir='ltr'><strong>qui</strong></span> <span class='ocrx_word' id='word_1_207' title='bbox 666 2185 899 2256; x_wconf 78' lang='lat' dir='ltr'><strong>privatus</strong></span> <span class='ocrx_word' id='word_1_208' title='bbox 931 2183 1094 2249; x_wconf 83' lang='lat' dir='ltr'><strong>vixit,</strong></span> <span class='ocrx_word' id='word_1_209' title='bbox 1134 2189 1215 2237; x_wconf 81' lang='lat' dir='ltr'><strong>est</strong></span> <span class='ocrx_word' id='word_1_210' title='bbox 1246 2184 1335 2237; x_wconf 89' lang='lat' dir='ltr'><strong>ille</strong></span> <span class='ocrx_word' id='word_1_211' title='bbox 1358 2184 1567 2254; x_wconf 84' lang='lat' dir='ltr'><strong>quidem</strong></span> <span class='ocrx_word' id='word_1_212' title='bbox 1589 2183 1813 2237; x_wconf 80' lang='lat' dir='ltr'><strong>Ioakimi</strong></span> <span class='ocrx_word' id='word_1_213' title='bbox 1833 2183 1998 2249; x_wconf 80' lang='lat' dir='ltr'><strong>tilius,</strong></span> <span class='ocrx_word' id='word_1_214' title='bbox 2030 2184 2120 2238; x_wconf 89' lang='lat' dir='ltr'><strong>sed</strong></span> <span class='ocrx_word' id='word_1_215' title='bbox 2143 2202 2248 2238; x_wconf 88' lang='lat' dir='ltr'><strong>non</strong></span> <span class='ocrx_word' id='word_1_216' title='bbox 2270 2184 2555 2239; x_wconf 87' lang='lat' dir='ltr'><strong>lechoniae.</strong></span> 
     </span>
     <span class='ocr_line' id='line_1_22' title="bbox 219 2268 2557 2342; baseline 0 -19"><span class='ocrx_word' id='word_1_217' title='bbox 219 2269 353 2324; x_wconf 74' lang='lat' dir='ltr'><strong>Nam</strong></span> <span class='ocrx_word' id='word_1_218' title='bbox 384 2270 481 2325; x_wconf 88' lang='lat' dir='ltr'><strong>lib.</strong></span> <span class='ocrx_word' id='word_1_219' title='bbox 506 2289 545 2324; x_wconf 87' lang='lat'><strong>1.</strong></span> <span class='ocrx_word' id='word_1_220' title='bbox 575 2268 749 2325; x_wconf 83' lang='lat' dir='ltr'><strong>Patal.</strong></span> <span class='ocrx_word' id='word_1_221' title='bbox 783 2286 896 2341; x_wconf 79' lang='lat' dir='ltr'><strong>cap.</strong></span> <span class='ocrx_word' id='word_1_222' title='bbox 919 2288 1001 2336; x_wconf 88' lang='grc' dir='ltr'>ιιι,</span> <span class='ocrx_word' id='word_1_223' title='bbox 1029 2269 1092 2323; x_wconf 81' lang='grc'><strong>15</strong></span> <span class='ocrx_word' id='word_1_224' title='bbox 1123 2268 1327 2323; x_wconf 85' lang='lat' dir='ltr'><strong>Ioakim</strong></span> <span class='ocrx_word' id='word_1_225' title='bbox 1360 2270 1530 2324; x_wconf 84' lang='lat' dir='ltr'><strong>Iosiae</strong></span> <span class='ocrx_word' id='word_1_226' title='bbox 1562 2270 1704 2324; x_wconf 86' lang='lat' dir='ltr'><strong>filius</strong></span> <span class='ocrx_word' id='word_1_227' title='bbox 1735 2269 2032 2324; x_wconf 72' lang='lat' dir='ltr'><strong>[euboniam</strong></span> <span class='ocrx_word' id='word_1_228' title='bbox 2070 2276 2126 2324; x_wconf 84' lang='lat' dir='ltr'><strong>et</strong></span> <span class='ocrx_word' id='word_1_229' title='bbox 2153 2270 2422 2325; x_wconf 75' lang='lat' dir='ltr'><strong>Sedecim</strong></span> <span class='ocrx_word' id='word_1_230' title='bbox 2467 2287 2557 2342; x_wconf 91' lang='lat' dir='ltr'><strong>ge-</strong></span> 
     </span>
     <span class='ocr_line' id='line_1_23' title="bbox 216 2353 2556 2428; baseline 0 -17"><span class='ocrx_word' id='word_1_231' title='bbox 216 2358 355 2421; x_wconf 86' lang='lat' dir='ltr'><strong>nuit,</strong></span> <span class='ocrx_word' id='word_1_232' title='bbox 386 2354 663 2410; x_wconf 77' lang='lat' dir='ltr'><strong>lechonias</strong></span> <span class='ocrx_word' id='word_1_233' title='bbox 686 2354 1037 2410; x_wconf 82' lang='lat' dir='ltr'><strong>Salathielem.</strong></span> <span class='ocrx_word' id='word_1_234' title='bbox 1093 2356 1164 2408; x_wconf 81' lang='lat' dir='ltr'><strong>At</strong></span> <span class='ocrx_word' id='word_1_235' title='bbox 1191 2353 1513 2427; x_wconf 81' lang='lat' dir='ltr'><strong>Epiphanius</strong></span> <span class='ocrx_word' id='word_1_236' title='bbox 1545 2354 1846 2409; x_wconf 78' lang='lat' dir='ltr'><strong>Ieclioniam</strong></span> <span class='ocrx_word' id='word_1_237' title='bbox 1878 2361 1932 2409; x_wconf 84' lang='lat' dir='ltr'><strong>et</strong></span> <span class='ocrx_word' id='word_1_238' title='bbox 1953 2355 2251 2422; x_wconf 73' lang='lat' dir='ltr'><strong>sedeciam,</strong></span> <span class='ocrx_word' id='word_1_239' title='bbox 2283 2372 2414 2428; x_wconf 89' lang='lat' dir='ltr'><strong>quos</strong></span> <span class='ocrx_word' id='word_1_240' title='bbox 2444 2364 2556 2412; x_wconf 78' lang='lat' dir='ltr'><strong>tam</strong></span> 
     </span>
     <span class='ocr_line' id='line_1_24' title="bbox 217 2439 2556 2515; baseline 0.001 -20"><span class='ocrx_word' id='word_1_241' title='bbox 217 2443 496 2514; x_wconf 82' lang='lat' dir='ltr'><strong>perspicue</strong></span> <span class='ocrx_word' id='word_1_242' title='bbox 512 2441 781 2513; x_wconf 77' lang='lat' dir='ltr'><strong>Scriptura</strong></span> <span class='ocrx_word' id='word_1_243' title='bbox 795 2441 1095 2512; x_wconf 81' lang='lat' dir='ltr'><strong>distinguit,</strong></span> <span class='ocrx_word' id='word_1_244' title='bbox 1118 2442 1173 2494; x_wconf 91' lang='lat' dir='ltr'><strong>in</strong></span> <span class='ocrx_word' id='word_1_245' title='bbox 1198 2441 1418 2495; x_wconf 84' lang='lat' dir='ltr'><strong>eundem</strong></span> <span class='ocrx_word' id='word_1_246' title='bbox 1434 2443 1608 2496; x_wconf 75' lang='lat' dir='ltr'><strong>virum</strong></span> <span class='ocrx_word' id='word_1_247' title='bbox 1625 2439 1887 2497; x_wconf 77' lang='lat' dir='ltr'><strong>conflavit.</strong></span> <span class='ocrx_word' id='word_1_248' title='bbox 1929 2441 2049 2496; x_wconf 82' lang='lat' dir='ltr'><strong>Non</strong></span> <span class='ocrx_word' id='word_1_249' title='bbox 2065 2441 2281 2496; x_wconf 88' lang='lat' dir='ltr'><strong>dubium</strong></span> <span class='ocrx_word' id='word_1_250' title='bbox 2298 2448 2380 2496; x_wconf 87' lang='lat' dir='ltr'><strong>est</strong></span> <span class='ocrx_word' id='word_1_251' title='bbox 2391 2483 2405 2509; x_wconf 92' lang='lat'>‚</span> <span class='ocrx_word' id='word_1_252' title='bbox 2428 2445 2556 2515; x_wconf 89' lang='lat' dir='ltr'><strong>quin</strong></span> 
     </span>
     <span class='ocr_line' id='line_1_25' title="bbox 216 2526 2557 2599; baseline 0 -17"><span class='ocrx_word' id='word_1_253' title='bbox 216 2526 494 2582; x_wconf 79' lang='lat' dir='ltr'><strong>lechoniss</strong></span> <span class='ocrx_word' id='word_1_254' title='bbox 514 2528 621 2593; x_wconf 83' lang='lat' dir='ltr'><strong>iile,</strong></span> <span class='ocrx_word' id='word_1_255' title='bbox 645 2527 738 2597; x_wconf 85' lang='lat' dir='ltr'><strong>qui</strong></span> <span class='ocrx_word' id='word_1_256' title='bbox 752 2526 1090 2581; x_wconf 76' lang='lat' dir='ltr'><strong>Salstlrielem</strong></span> <span class='ocrx_word' id='word_1_257' title='bbox 1106 2541 1137 2580; x_wconf 91' lang='lat' dir='ltr'><strong>a</strong></span> <span class='ocrx_word' id='word_1_258' title='bbox 1153 2526 1419 2581; x_wconf 72' lang='lat' dir='ltr'><strong>Hutthaeo</strong></span> <span class='ocrx_word' id='word_1_259' title='bbox 1438 2528 1687 2598; x_wconf 81' lang='lat' dir='ltr'><strong>genuisse</strong></span> <span class='ocrx_word' id='word_1_260' title='bbox 1703 2527 1908 2593; x_wconf 87' lang='lat' dir='ltr'><strong>dicitur,</strong></span> <span class='ocrx_word' id='word_1_261' title='bbox 1923 2527 2062 2582; x_wconf 89' lang='lat' dir='ltr'><strong>idem</strong></span> <span class='ocrx_word' id='word_1_262' title='bbox 2079 2529 2150 2582; x_wconf 85' lang='lat' dir='ltr'><strong>sit</strong></span> <span class='ocrx_word' id='word_1_263' title='bbox 2164 2544 2284 2583; x_wconf 84' lang='lat' dir='ltr'><strong>cnm</strong></span> <span class='ocrx_word' id='word_1_264' title='bbox 2300 2545 2380 2593; x_wconf 87' lang='lat' dir='ltr'><strong>eo,</strong></span> <span class='ocrx_word' id='word_1_265' title='bbox 2399 2545 2557 2599; x_wconf 76' lang='lat' dir='ltr'><strong>quem</strong></span> 
     </span>
     <span class='ocr_line' id='line_1_26' title="bbox 216 2614 2554 2687; baseline 0 -18"><span class='ocrx_word' id='word_1_266' title='bbox 216 2614 655 2686; x_wconf 82' lang='lat' dir='ltr'><strong>Paralipomenon</strong></span> <span class='ocrx_word' id='word_1_267' title='bbox 687 2614 819 2668; x_wconf 86' lang='lat' dir='ltr'><strong>liber</strong></span> <span class='ocrx_word' id='word_1_268' title='bbox 851 2618 1241 2668; x_wconf 80' lang='lat' dir='ltr'><strong>commemorat.</strong></span> <span class='ocrx_word' id='word_1_269' title='bbox 1296 2614 1400 2669; x_wconf 82' lang='lat' dir='ltr'><strong>Sed</strong></span> <span class='ocrx_word' id='word_1_270' title='bbox 1430 2615 1567 2668; x_wconf 84' lang='lat' dir='ltr'><strong>alins</strong></span> <span class='ocrx_word' id='word_1_271' title='bbox 1590 2615 1640 2668; x_wconf 90' lang='lat' dir='ltr'><strong>ei</strong></span> <span class='ocrx_word' id='word_1_272' title='bbox 1662 2623 1810 2685; x_wconf 71' lang='lat' dir='ltr'><strong>pater</strong></span> <span class='ocrx_word' id='word_1_273' title='bbox 1832 2630 1991 2685; x_wconf 71' lang='lat' dir='ltr'><strong>quam</strong></span> <span class='ocrx_word' id='word_1_274' title='bbox 2013 2614 2284 2670; x_wconf 80' lang='lat' dir='ltr'><strong>lechoniss</strong></span> <span class='ocrx_word' id='word_1_275' title='bbox 2305 2631 2554 2687; x_wconf 85' lang='lat' dir='ltr'><strong>quaeren-</strong></span> 
     </span>
     <span class='ocr_line' id='line_1_27' title="bbox 218 2698 2556 2772; baseline 0 -17"><span class='ocrx_word' id='word_1_276' title='bbox 218 2700 310 2755; x_wconf 81' lang='lat' dir='ltr'><strong>dus</strong></span> <span class='ocrx_word' id='word_1_277' title='bbox 350 2707 452 2756; x_wconf 80' lang='lat' dir='ltr'><strong>est.</strong></span> <span class='ocrx_word' id='word_1_278' title='bbox 534 2698 868 2755; x_wconf 77' lang='lat' dir='ltr'><strong>Maldonatus</strong></span> <span class='ocrx_word' id='word_1_279' title='bbox 898 2707 1077 2754; x_wconf 81' lang='lat' dir='ltr'><strong>noster</strong></span> <span class='ocrx_word' id='word_1_280' title='bbox 1107 2698 1309 2753; x_wconf 76' lang='lat' dir='ltr'><strong>Ioakim</strong></span> <span class='ocrx_word' id='word_1_281' title='bbox 1346 2717 1441 2771; x_wconf 89' lang='lat' dir='ltr'><strong>pro</strong></span> <span class='ocrx_word' id='word_1_282' title='bbox 1480 2701 1670 2753; x_wconf 77' lang='lat' dir='ltr'><strong>iterato</strong></span> <span class='ocrx_word' id='word_1_283' title='bbox 1699 2698 1946 2754; x_wconf 84' lang='lat' dir='ltr'><strong>lechonis.</strong></span> <span class='ocrx_word' id='word_1_284' title='bbox 1981 2701 2254 2754; x_wconf 76' lang='lat' dir='ltr'><strong>substituit</strong></span> <span class='ocrx_word' id='word_1_285' title='bbox 2290 2707 2446 2772; x_wconf 79' lang='lat' dir='ltr'><strong>atque</strong></span> <span class='ocrx_word' id='word_1_286' title='bbox 2482 2703 2556 2755; x_wconf 86' lang='lat' dir='ltr'><strong>ita</strong></span> 
     </span>
     <span class='ocr_line' id='line_1_28' title="bbox 217 2785 2555 2859; baseline 0 -18"><span class='ocrx_word' id='word_1_287' title='bbox 217 2787 369 2859; x_wconf 77' lang='lat' dir='ltr'><strong>legit:</strong></span> <span class='ocrx_word' id='word_1_288' title='bbox 404 2788 611 2840; x_wconf 73' lang='grc' dir='ltr'>Ιοσσὲιι</span> <span class='ocrx_word' id='word_1_289' title='bbox 634 2795 799 2839; x_wconf 67' lang='lat' dir='ltr'><strong>aurem</strong></span> <span class='ocrx_word' id='word_1_290' title='bbox 819 2790 995 2855; x_wconf 71' lang='lat' dir='ltr'><strong>qenuit</strong></span> <span class='ocrx_word' id='word_1_291' title='bbox 1013 2786 1340 2840; x_wconf 66' lang='lat' dir='ltr'><strong>lechoniane</strong></span> <span class='ocrx_word' id='word_1_292' title='bbox 1374 2785 1651 2840; x_wconf 71' lang='lat' dir='ltr'><strong>Ieclcom‘as</strong></span> <span class='ocrx_word' id='word_1_293' title='bbox 1683 2795 1850 2840; x_wconf 65' lang='lat' dir='ltr'><strong>auten</strong></span> <span class='ocrx_word' id='word_1_294' title='bbox 1875 2789 2052 2855; x_wconf 75' lang='lat' dir='ltr'><strong>ycnuie</strong></span> <span class='ocrx_word' id='word_1_295' title='bbox 2076 2786 2350 2840; x_wconf 62' lang='lat' dir='ltr'><strong>salathiel.</strong></span> <span class='ocrx_word' id='word_1_296' title='bbox 2405 2786 2555 2850; x_wconf 80' lang='lat' dir='ltr'><strong>Quod</strong></span> 
     </span>
     <span class='ocr_line' id='line_1_29' title="bbox 215 2873 1072 2945; baseline -0.004 -17"><span class='ocrx_word' id='word_1_297' title='bbox 215 2873 522 2945; x_wconf 70' lang='lat' dir='ltr'><strong>Scripmrae</strong></span> <span class='ocrx_word' id='word_1_298' title='bbox 544 2877 955 2926; x_wconf 83' lang='lat' dir='ltr'><strong>consentaneum</strong></span> <span class='ocrx_word' id='word_1_299' title='bbox 976 2877 1072 2926; x_wconf 83' lang='lat' dir='ltr'><strong>est.</strong></span> 
     </span>
    </p>

    <p class='ocr_par' dir='ltr' id='par_1_5' title="bbox 211 2955 2555 4644">
     <span class='ocr_line' id='line_1_30' title="bbox 350 2955 2554 3029; baseline 0 -17"><span class='ocrx_word' id='word_1_300' title='bbox 350 2957 440 3012; x_wconf 82' lang='grc' dir='ltr'><strong>Ἐν</strong></span> <span class='ocrx_word' id='word_1_301' title='bbox 465 2957 632 3027; x_wconf 67' lang='grc' dir='ltr'>τούτῳ</span> <span class='ocrx_word' id='word_1_302' title='bbox 657 2961 733 3028; x_wconf 74' lang='grc' dir='ltr'><strong>τῷ</strong></span> <span class='ocrx_word' id='word_1_303' title='bbox 755 2958 928 3029; x_wconf 76' lang='grc' dir='ltr'><strong>χρόνῳ</strong></span> <span class='ocrx_word' id='word_1_304' title='bbox 951 2961 1035 3024; x_wconf 80' lang='grc' dir='ltr'><strong>τῆς</strong></span> <span class='ocrx_word' id='word_1_305' title='bbox 1054 2955 1440 3028; x_wconf 46' lang='lat' dir='ltr'><strong>uilissimum]</strong></span> <span class='ocrx_word' id='word_1_306' title='bbox 1481 2957 1762 3028; x_wconf 80' lang='lat' dir='ltr'><strong>Multiplex</strong></span> <span class='ocrx_word' id='word_1_307' title='bbox 1779 2973 1942 3022; x_wconf 88' lang='lat' dir='ltr'><strong>error,</strong></span> <span class='ocrx_word' id='word_1_308' title='bbox 1967 2973 2072 3027; x_wconf 89' lang='lat' dir='ltr'><strong>quo</strong></span> <span class='ocrx_word' id='word_1_309' title='bbox 2087 2957 2180 3012; x_wconf 79' lang='lat' dir='ltr'><strong>vix</strong></span> <span class='ocrx_word' id='word_1_310' title='bbox 2195 2957 2333 3011; x_wconf 80' lang='lat' dir='ltr'><strong>nllus</strong></span> <span class='ocrx_word' id='word_1_311' title='bbox 2350 2958 2418 3012; x_wconf 83' lang='lat' dir='ltr'><strong>ab</strong></span> <span class='ocrx_word' id='word_1_312' title='bbox 2431 2956 2554 3029; x_wconf 84' lang='lat' dir='ltr'><strong>Bpi·</strong></span> 
     </span>
     <span class='ocr_line' id='line_1_31' title="bbox 214 3041 2554 3116; baseline -0.001 -17"><span class='ocrx_word' id='word_1_313' title='bbox 214 3043 409 3116; x_wconf 75' lang='lat' dir='ltr'><strong>phanio</strong></span> <span class='ocrx_word' id='word_1_314' title='bbox 434 3043 650 3114; x_wconf 71' lang='lat' dir='ltr'><strong>gravior</strong></span> <span class='ocrx_word' id='word_1_315' title='bbox 679 3049 762 3097; x_wconf 87' lang='lat' dir='ltr'><strong>est</strong></span> <span class='ocrx_word' id='word_1_316' title='bbox 781 3044 1110 3100; x_wconf 84' lang='lat' dir='ltr'><strong>commissus.</strong></span> <span class='ocrx_word' id='word_1_317' title='bbox 1167 3043 1287 3097; x_wconf 82' lang='lat' dir='ltr'><strong>Non</strong></span> <span class='ocrx_word' id='word_1_318' title='bbox 1317 3043 1458 3097; x_wconf 90' lang='lat' dir='ltr'><strong>enim</strong></span> <span class='ocrx_word' id='word_1_319' title='bbox 1490 3050 1615 3114; x_wconf 82' lang='lat' dir='ltr'><strong>post</strong></span> <span class='ocrx_word' id='word_1_320' title='bbox 1631 3043 2114 3113; x_wconf 72' lang='lat' dir='ltr'><strong>Hierosolymorum</strong></span> <span class='ocrx_word' id='word_1_321' title='bbox 2143 3041 2430 3109; x_wconf 77' lang='lat' dir='ltr'><strong>excidium,</strong></span> <span class='ocrx_word' id='word_1_322' title='bbox 2460 3044 2554 3099; x_wconf 82' lang='lat' dir='ltr'><strong>ssd</strong></span> 
     </span>
     <span class='ocr_line' id='line_1_32' title="bbox 213 3128 2552 3200; baseline 0 -16"><span class='ocrx_word' id='word_1_323' title='bbox 213 3137 359 3185; x_wconf 84' lang='lat' dir='ltr'><strong>tanto</strong></span> <span class='ocrx_word' id='word_1_324' title='bbox 395 3135 549 3194; x_wconf 82' lang='lat' dir='ltr'><strong>ante,</strong></span> <span class='ocrx_word' id='word_1_325' title='bbox 586 3134 710 3200; x_wconf 84' lang='lat' dir='ltr'><strong>post</strong></span> <span class='ocrx_word' id='word_1_326' title='bbox 740 3147 776 3182; x_wconf 86' lang='lat' dir='ltr'>x</span> <span class='ocrx_word' id='word_1_327' title='bbox 808 3129 1050 3184; x_wconf 73' lang='lat' dir='ltr'><strong>videlicet</strong></span> <span class='ocrx_word' id='word_1_328' title='bbox 1076 3130 1310 3183; x_wconf 81' lang='lat' dir='ltr'><strong>tribuum</strong></span> <span class='ocrx_word' id='word_1_329' title='bbox 1340 3128 1778 3200; x_wconf 84' lang='lat' dir='ltr'><strong>deportationem,</strong></span> <span class='ocrx_word' id='word_1_330' title='bbox 1819 3129 2036 3183; x_wconf 86' lang='lat' dir='ltr'><strong>coloni</strong></span> <span class='ocrx_word' id='word_1_331' title='bbox 2020 3146 2077 3183; x_wconf 88' lang='grc' dir='ltr'><strong>ιιι</strong></span> <span class='ocrx_word' id='word_1_332' title='bbox 2107 3128 2401 3184; x_wconf 82' lang='lat' dir='ltr'><strong>Samariam</strong></span> <span class='ocrx_word' id='word_1_333' title='bbox 2429 3132 2552 3184; x_wconf 88' lang='lat' dir='ltr'><strong>sub·</strong></span> 
     </span>
     <span class='ocr_line' id='line_1_33' title="bbox 211 3214 2553 3287; baseline 0 -17"><span class='ocrx_word' id='word_1_334' title='bbox 211 3216 391 3281; x_wconf 64' lang='lat' dir='ltr'><strong>mimi,</strong></span> <span class='ocrx_word' id='word_1_335' title='bbox 414 3215 578 3285; x_wconf 79' lang='lat' dir='ltr'><strong>idque</strong></span> <span class='ocrx_word' id='word_1_336' title='bbox 602 3231 636 3268; x_wconf 81' lang='lat' dir='ltr'><strong>s</strong></span> <span class='ocrx_word' id='word_1_337' title='bbox 656 3215 1077 3280; x_wconf 82' lang='lat' dir='ltr'><strong>Salmanassaro,</strong></span> <span class='ocrx_word' id='word_1_338' title='bbox 1108 3231 1215 3270; x_wconf 91' lang='lat' dir='ltr'><strong>non</strong></span> <span class='ocrx_word' id='word_1_339' title='bbox 1239 3231 1272 3268; x_wconf 79' lang='lat' dir='ltr'><strong>s</strong></span> <span class='ocrx_word' id='word_1_340' title='bbox 1292 3214 1821 3270; x_wconf 80' lang='lat' dir='ltr'><strong>Nabuchodonosore.</strong></span> <span class='ocrx_word' id='word_1_341' title='bbox 1873 3214 2003 3270; x_wconf 83' lang='lat' dir='ltr'><strong>Vide</strong></span> <span class='ocrx_word' id='word_1_342' title='bbox 2023 3233 2096 3269; x_wconf 73' lang='grc' dir='ltr'><strong>ιν.</strong></span> <span class='ocrx_word' id='word_1_343' title='bbox 2118 3215 2248 3286; x_wconf 84' lang='lat' dir='ltr'><strong>Reg.</strong></span> <span class='ocrx_word' id='word_1_344' title='bbox 2272 3232 2386 3287; x_wconf 85' lang='lat' dir='ltr'><strong>cap.</strong></span> <span class='ocrx_word' id='word_1_345' title='bbox 2409 3234 2553 3273; x_wconf 81' lang='lat' dir='ltr'><strong>mv.</strong></span> 
     </span>
     <span class='ocr_line' id='line_1_34' title="bbox 213 3300 2555 3372; baseline 0.001 -18"><span class='ocrx_word' id='word_1_346' title='bbox 213 3300 396 3371; x_wconf 70' lang='lat' dir='ltr'><strong>Neque</strong></span> <span class='ocrx_word' id='word_1_347' title='bbox 427 3317 557 3354; x_wconf 74' lang='lat' dir='ltr'><strong>vero</strong></span> <span class='ocrx_word' id='word_1_348' title='bbox 579 3301 722 3355; x_wconf 86' lang='lat' dir='ltr'><strong>solus</strong></span> <span class='ocrx_word' id='word_1_349' title='bbox 753 3301 810 3355; x_wconf 90' lang='lat' dir='ltr'><strong>in</strong></span> <span class='ocrx_word' id='word_1_350' title='bbox 838 3317 902 3356; x_wconf 89' lang='lat' dir='ltr'><strong>eo</strong></span> <span class='ocrx_word' id='word_1_351' title='bbox 934 3317 1105 3355; x_wconf 86' lang='lat' dir='ltr'><strong>errore</strong></span> <span class='ocrx_word' id='word_1_352' title='bbox 1134 3301 1235 3355; x_wconf 73' lang='lat' dir='ltr'><strong>fuit</strong></span> <span class='ocrx_word' id='word_1_353' title='bbox 1254 3300 1594 3372; x_wconf 79' lang='lat' dir='ltr'><strong>Epiphanius.</strong></span> <span class='ocrx_word' id='word_1_354' title='bbox 1656 3301 1792 3355; x_wconf 79' lang='lat' dir='ltr'><strong>Nam</strong></span> <span class='ocrx_word' id='word_1_355' title='bbox 1824 3306 1879 3355; x_wconf 85' lang='lat' dir='ltr'><strong>et</strong></span> <span class='ocrx_word' id='word_1_356' title='bbox 1897 3301 2180 3372; x_wconf 85' lang='lat' dir='ltr'><strong>Procopius</strong></span> <span class='ocrx_word' id='word_1_357' title='bbox 2212 3302 2270 3356; x_wconf 87' lang='lat' dir='ltr'><strong>in</strong></span> <span class='ocrx_word' id='word_1_358' title='bbox 2287 3301 2498 3356; x_wconf 76' lang='lat' dir='ltr'><strong>Esaiam</strong></span> <span class='ocrx_word' id='word_1_359' title='bbox 2521 3320 2555 3357; x_wconf 88' lang='lat' dir='ltr'><strong>a</strong></span> 
     </span>
     <span class='ocr_line' id='line_1_35' title="bbox 212 3385 2555 3459; baseline 0.001 -18"><span class='ocrx_word' id='word_1_360' title='bbox 212 3385 728 3441; x_wconf 82' lang='lat' dir='ltr'><strong>Nabuchodonosore</strong></span> <span class='ocrx_word' id='word_1_361' title='bbox 751 3386 1044 3441; x_wconf 78' lang='lat' dir='ltr'><strong>Samariam</strong></span> <span class='ocrx_word' id='word_1_362' title='bbox 1079 3394 1132 3441; x_wconf 91' lang='lat' dir='ltr'><strong>et</strong></span> <span class='ocrx_word' id='word_1_363' title='bbox 1152 3385 1395 3440; x_wconf 85' lang='lat' dir='ltr'><strong>Iudaeam</strong></span> <span class='ocrx_word' id='word_1_364' title='bbox 1429 3393 1759 3459; x_wconf 73' lang='lat' dir='ltr'><strong>expugnatas</strong></span> <span class='ocrx_word' id='word_1_365' title='bbox 1784 3388 1872 3441; x_wconf 84' lang='lat' dir='ltr'><strong>ait.</strong></span> <span class='ocrx_word' id='word_1_366' title='bbox 1933 3386 2093 3457; x_wconf 86' lang='lat' dir='ltr'><strong>Atqui</strong></span> <span class='ocrx_word' id='word_1_367' title='bbox 2113 3386 2260 3443; x_wconf 82' lang='lat' dir='ltr'><strong>Gom.</strong></span> <span class='ocrx_word' id='word_1_368' title='bbox 2279 3387 2348 3441; x_wconf 75' lang='lat'><strong>24</strong></span> <span class='ocrx_word' id='word_1_369' title='bbox 2369 3388 2555 3443; x_wconf 81' lang='lat' dir='ltr'><strong>dieitur</strong></span> 
     </span>
     <span class='ocr_line' id='line_1_36' title="bbox 212 3471 2555 3543; baseline 0.001 -17"><span class='ocrx_word' id='word_1_370' title='bbox 212 3472 558 3543; x_wconf 79' lang='lat' dir='ltr'><strong>Assy-riorum</strong></span> <span class='ocrx_word' id='word_1_371' title='bbox 593 3489 693 3526; x_wconf 81' lang='lat' dir='ltr'><strong>rex</strong></span> <span class='ocrx_word' id='word_1_372' title='bbox 732 3472 795 3526; x_wconf 91' lang='lat' dir='ltr'><strong>de</strong></span> <span class='ocrx_word' id='word_1_373' title='bbox 825 3472 1099 3543; x_wconf 74' lang='lat' dir='ltr'><strong>Babylone</strong></span> <span class='ocrx_word' id='word_1_374' title='bbox 1136 3478 1191 3526; x_wconf 90' lang='lat' dir='ltr'><strong>et</strong></span> <span class='ocrx_word' id='word_1_375' title='bbox 1230 3471 1293 3526; x_wconf 81' lang='lat' dir='ltr'><strong>de</strong></span> <span class='ocrx_word' id='word_1_376' title='bbox 1326 3471 1498 3526; x_wconf 76' lang='lat' dir='ltr'><strong>Cutha</strong></span> <span class='ocrx_word' id='word_1_377' title='bbox 1535 3473 1857 3543; x_wconf 70' lang='lat' dir='ltr'><strong>caeterisque</strong></span> <span class='ocrx_word' id='word_1_378' title='bbox 1886 3473 2191 3543; x_wconf 86' lang='lat' dir='ltr'><strong>regionibus</strong></span> <span class='ocrx_word' id='word_1_379' title='bbox 2228 3474 2555 3528; x_wconf 59' lang='lat' dir='ltr'><strong>&amp;sustulisse</strong></span> 
     </span>
     <span class='ocr_line' id='line_1_37' title="bbox 212 3557 2554 3631; baseline 0.001 -18"><span class='ocrx_word' id='word_1_380' title='bbox 212 3559 434 3613; x_wconf 66' lang='lat' dir='ltr'><strong>colonos</strong></span> <span class='ocrx_word' id='word_1_381' title='bbox 457 3557 514 3611; x_wconf 88' lang='lat' dir='ltr'><strong>in</strong></span> <span class='ocrx_word' id='word_1_382' title='bbox 537 3557 845 3612; x_wconf 69' lang='lat' dir='ltr'><strong>Samarium.</strong></span> <span class='ocrx_word' id='word_1_383' title='bbox 902 3560 986 3612; x_wconf 85' lang='lat' dir='ltr'><strong>An</strong></span> <span class='ocrx_word' id='word_1_384' title='bbox 1004 3563 1121 3611; x_wconf 88' lang='lat' dir='ltr'><strong>tum</strong></span> <span class='ocrx_word' id='word_1_385' title='bbox 1155 3558 1519 3613; x_wconf 81' lang='lat' dir='ltr'><strong>Salmanassar</strong></span> <span class='ocrx_word' id='word_1_386' title='bbox 1538 3558 1869 3628; x_wconf 78' lang='lat' dir='ltr'><strong>Babylonem</strong></span> <span class='ocrx_word' id='word_1_387' title='bbox 1890 3557 2182 3626; x_wconf 81' lang='lat' dir='ltr'><strong>obtinebat,</strong></span> <span class='ocrx_word' id='word_1_388' title='bbox 2214 3564 2276 3613; x_wconf 89' lang='lat' dir='ltr'><strong>nt</strong></span> <span class='ocrx_word' id='word_1_389' title='bbox 2309 3561 2400 3631; x_wconf 87' lang='lat' dir='ltr'><strong>qui</strong></span> <span class='ocrx_word' id='word_1_390' title='bbox 2429 3566 2554 3615; x_wconf 87' lang='lat' dir='ltr'><strong>tunc</strong></span> 
     </span>
     <span class='ocr_line' id='line_1_38' title="bbox 211 3643 2552 3715; baseline 0.001 -16"><span class='ocrx_word' id='word_1_391' title='bbox 211 3645 265 3699; x_wconf 90' lang='lat' dir='ltr'><strong>in</strong></span> <span class='ocrx_word' id='word_1_392' title='bbox 298 3660 371 3697; x_wconf 78' lang='lat' dir='ltr'><strong>ea</strong></span> <span class='ocrx_word' id='word_1_393' title='bbox 398 3644 662 3714; x_wconf 86' lang='lat' dir='ltr'><strong>regnabat</strong></span> <span class='ocrx_word' id='word_1_394' title='bbox 683 3643 1015 3715; x_wconf 78' lang='lat' dir='ltr'><strong>Assyriorum</strong></span> <span class='ocrx_word' id='word_1_395' title='bbox 1046 3644 1320 3715; x_wconf 78' lang='lat' dir='ltr'><strong>vectigalis</strong></span> <span class='ocrx_word' id='word_1_396' title='bbox 1348 3649 1525 3698; x_wconf 77' lang='lat' dir='ltr'><strong>esset?</strong></span> <span class='ocrx_word' id='word_1_397' title='bbox 1577 3644 1692 3698; x_wconf 87' lang='lat' dir='ltr'><strong>Hoc</strong></span> <span class='ocrx_word' id='word_1_398' title='bbox 1721 3643 1933 3714; x_wconf 90' lang='lat' dir='ltr'><strong>quidem</strong></span> <span class='ocrx_word' id='word_1_399' title='bbox 1965 3644 2236 3714; x_wconf 83' lang='lat' dir='ltr'><strong>probabile</strong></span> <span class='ocrx_word' id='word_1_400' title='bbox 2264 3651 2360 3699; x_wconf 82' lang='lat' dir='ltr'><strong>est.</strong></span> <span class='ocrx_word' id='word_1_401' title='bbox 2416 3646 2552 3702; x_wconf 85' lang='lat' dir='ltr'><strong>Nam</strong></span> 
     </span>
     <span class='ocr_line' id='line_1_39' title="bbox 212 3728 2552 3801; baseline 0.002 -18"><span class='ocrx_word' id='word_1_402' title='bbox 212 3736 337 3801; x_wconf 86' lang='lat' dir='ltr'><strong>post</strong></span> <span class='ocrx_word' id='word_1_403' title='bbox 366 3728 707 3798; x_wconf 79' lang='lat' dir='ltr'><strong>Assyriorum</strong></span> <span class='ocrx_word' id='word_1_404' title='bbox 735 3735 886 3783; x_wconf 78' lang='lat' dir='ltr'><strong>vetus</strong></span> <span class='ocrx_word' id='word_1_405' title='bbox 916 3729 1047 3783; x_wconf 86' lang='lat' dir='ltr'><strong>illud</strong></span> <span class='ocrx_word' id='word_1_406' title='bbox 1085 3745 1151 3783; x_wconf 84' lang='lat' dir='ltr'><strong>ae</strong></span> <span class='ocrx_word' id='word_1_407' title='bbox 1177 3730 1483 3785; x_wconf 89' lang='lat' dir='ltr'><strong>diuturnum</strong></span> <span class='ocrx_word' id='word_1_408' title='bbox 1510 3729 1790 3800; x_wconf 88' lang='lat' dir='ltr'><strong>imperium</strong></span> <span class='ocrx_word' id='word_1_409' title='bbox 1822 3729 2112 3784; x_wconf 84' lang='lat' dir='ltr'><strong>extinctum</strong></span> <span class='ocrx_word' id='word_1_410' title='bbox 2141 3728 2552 3801; x_wconf 75' lang='lat' dir='ltr'><strong>Babyloniorum</strong></span> 
     </span>
     <span class='ocr_line' id='line_1_40' title="bbox 211 3813 2551 3887; baseline 0.001 -18"><span class='ocrx_word' id='word_1_411' title='bbox 211 3814 502 3886; x_wconf 85' lang='lat' dir='ltr'><strong>primordia</strong></span> <span class='ocrx_word' id='word_1_412' title='bbox 532 3831 566 3867; x_wconf 84' lang='lat' dir='ltr'><strong>s</strong></span> <span class='ocrx_word' id='word_1_413' title='bbox 586 3814 957 3870; x_wconf 76' lang='lat' dir='ltr'><strong>Nabonassaro</strong></span> <span class='ocrx_word' id='word_1_414' title='bbox 987 3821 1289 3887; x_wconf 87' lang='lat' dir='ltr'><strong>coeperunt,</strong></span> <span class='ocrx_word' id='word_1_415' title='bbox 1328 3829 1469 3870; x_wconf 90' lang='lat' dir='ltr'><strong>anno</strong></span> <span class='ocrx_word' id='word_1_416' title='bbox 1502 3831 1612 3887; x_wconf 88' lang='lat' dir='ltr'><strong>per.</strong></span> <span class='ocrx_word' id='word_1_417' title='bbox 1646 3813 1742 3869; x_wconf 86' lang='lat' dir='ltr'><strong>Iul.</strong></span> <span class='ocrx_word' id='word_1_418' title='bbox 1775 3814 1948 3879; x_wconf 72' lang='lat'>3967„</span> <span class='ocrx_word' id='word_1_419' title='bbox 1982 3820 2192 3870; x_wconf 84' lang='lat' dir='ltr'><strong>centum</strong></span> <span class='ocrx_word' id='word_1_420' title='bbox 2212 3816 2321 3871; x_wconf 73' lang='lat' dir='ltr'><strong>iere</strong></span> <span class='ocrx_word' id='word_1_421' title='bbox 2343 3819 2495 3872; x_wconf 82' lang='lat' dir='ltr'><strong>annis</strong></span> <span class='ocrx_word' id='word_1_422' title='bbox 2517 3835 2551 3872; x_wconf 78' lang='lat' dir='ltr'><strong>s</strong></span> 
     </span>
     <span class='ocr_line' id='line_1_41' title="bbox 213 3899 2549 3972; baseline 0.001 -17"><span class='ocrx_word' id='word_1_423' title='bbox 213 3901 504 3955; x_wconf 79' lang='lat' dir='ltr'><strong>constituta</strong></span> <span class='ocrx_word' id='word_1_424' title='bbox 523 3900 799 3955; x_wconf 72' lang='lat' dir='ltr'><strong>Medorum</strong></span> <span class='ocrx_word' id='word_1_425' title='bbox 817 3900 1147 3967; x_wconf 75' lang='lat' dir='ltr'><strong>monarchis,</strong></span> <span class='ocrx_word' id='word_1_426' title='bbox 1169 3917 1304 3972; x_wconf 79' lang='lat' dir='ltr'><strong>quse</strong></span> <span class='ocrx_word' id='word_1_427' title='bbox 1324 3901 1445 3956; x_wconf 85' lang='lat' dir='ltr'><strong>iniit</strong></span> <span class='ocrx_word' id='word_1_428' title='bbox 1463 3917 1601 3954; x_wconf 88' lang='lat' dir='ltr'><strong>anno</strong></span> <span class='ocrx_word' id='word_1_429' title='bbox 1624 3899 1775 3954; x_wconf 83' lang='lat'><strong>3838.</strong></span> <span class='ocrx_word' id='word_1_430' title='bbox 1827 3899 1988 3954; x_wconf 89' lang='lat' dir='ltr'><strong>Porro</strong></span> <span class='ocrx_word' id='word_1_431' title='bbox 2013 3901 2374 3956; x_wconf 75' lang='lat' dir='ltr'><strong>salmanassar</strong></span> <span class='ocrx_word' id='word_1_432' title='bbox 2395 3922 2428 3957; x_wconf 83' lang='lat' dir='ltr'>x</span> <span class='ocrx_word' id='word_1_433' title='bbox 2461 3905 2549 3957; x_wconf 82' lang='lat' dir='ltr'><strong>tri-</strong></span> 
     </span>
     <span class='ocr_line' id='line_1_42' title="bbox 214 3984 2550 4058; baseline 0.001 -17"><span class='ocrx_word' id='word_1_434' title='bbox 214 3987 312 4041; x_wconf 79' lang='lat' dir='ltr'><strong>bus</strong></span> <span class='ocrx_word' id='word_1_435' title='bbox 336 3986 577 4057; x_wconf 75' lang='lat' dir='ltr'><strong>captivas</strong></span> <span class='ocrx_word' id='word_1_436' title='bbox 598 3986 821 4041; x_wconf 75' lang='lat' dir='ltr'><strong>abduxit</strong></span> <span class='ocrx_word' id='word_1_437' title='bbox 840 3987 1043 4042; x_wconf 75' lang='lat' dir='ltr'><strong>circiter</strong></span> <span class='ocrx_word' id='word_1_438' title='bbox 1065 4003 1263 4041; x_wconf 79' lang='lat' dir='ltr'><strong>annum</strong></span> <span class='ocrx_word' id='word_1_439' title='bbox 1284 4002 1393 4058; x_wconf 88' lang='lat' dir='ltr'><strong>per.</strong></span> <span class='ocrx_word' id='word_1_440' title='bbox 1416 3986 1514 4041; x_wconf 90' lang='lat' dir='ltr'><strong>Iul.</strong></span> <span class='ocrx_word' id='word_1_441' title='bbox 1535 3984 1706 4050; x_wconf 69' lang='lat'><strong>3993„</strong></span> <span class='ocrx_word' id='word_1_442' title='bbox 1729 4002 1868 4040; x_wconf 83' lang='lat' dir='ltr'><strong>anno</strong></span> <span class='ocrx_word' id='word_1_443' title='bbox 1891 3984 2140 4041; x_wconf 80' lang='lat' dir='ltr'><strong>Ezechiae</strong></span> <span class='ocrx_word' id='word_1_444' title='bbox 2160 4005 2232 4043; x_wconf 79' lang='lat' dir='ltr'><strong>vr.</strong></span> <span class='ocrx_word' id='word_1_445' title='bbox 2287 3989 2334 4042; x_wconf 85' lang='lat' dir='ltr'>A</span> <span class='ocrx_word' id='word_1_446' title='bbox 2358 4005 2459 4057; x_wconf 89' lang='lat' dir='ltr'><strong>quo</strong></span> <span class='ocrx_word' id='word_1_447' title='bbox 2482 3989 2550 4043; x_wconf 85' lang='lat' dir='ltr'><strong>ad</strong></span> 
     </span>
     <span class='ocr_line' id='line_1_43' title="bbox 212 4070 2545 4145; baseline 0.002 -20"><span class='ocrx_word' id='word_1_448' title='bbox 212 4071 696 4143; x_wconf 82' lang='lat' dir='ltr'><strong>Nabopolassarum</strong></span> <span class='ocrx_word' id='word_1_449' title='bbox 718 4070 1219 4126; x_wconf 75' lang='lat' dir='ltr'><strong>Nabuchodonosori</strong></span> <span class='ocrx_word' id='word_1_450' title='bbox 1239 4077 1442 4144; x_wconf 78' lang='lat' dir='ltr'><strong>patrem</strong></span> <span class='ocrx_word' id='word_1_451' title='bbox 1464 4072 1587 4125; x_wconf 85' lang='lat' dir='ltr'><strong>anni</strong></span> <span class='ocrx_word' id='word_1_452' title='bbox 1610 4077 1733 4125; x_wconf 87' lang='lat' dir='ltr'><strong>sunt</strong></span> <span class='ocrx_word' id='word_1_453' title='bbox 1751 4087 1898 4126; x_wconf 74' lang='grc' dir='ltr'>ιονι.</span> <span class='ocrx_word' id='word_1_454' title='bbox 1942 4072 2108 4126; x_wconf 74' lang='lat' dir='ltr'><strong>[nitus</strong></span> <span class='ocrx_word' id='word_1_455' title='bbox 2131 4073 2274 4126; x_wconf 80' lang='lat' dir='ltr'><strong>enim</strong></span> <span class='ocrx_word' id='word_1_456' title='bbox 2292 4072 2545 4145; x_wconf 78' lang='lat' dir='ltr'><strong>Nabopol.</strong></span> 
     </span>
     <span class='ocr_line' id='line_1_44' title="bbox 212 4143 2549 4229; baseline 0 -17"><span class='ocrx_word' id='word_1_457' title='bbox 212 4158 463 4212; x_wconf 75' lang='lat' dir='ltr'><strong>convenit</strong></span> <span class='ocrx_word' id='word_1_458' title='bbox 482 4173 622 4212; x_wconf 87' lang='lat' dir='ltr'><strong>anno</strong></span> <span class='ocrx_word' id='word_1_459' title='bbox 644 4174 752 4229; x_wconf 89' lang='lat' dir='ltr'><strong>per.</strong></span> <span class='ocrx_word' id='word_1_460' title='bbox 770 4158 868 4213; x_wconf 87' lang='lat' dir='ltr'><strong>Iul.</strong></span> <span class='ocrx_word' id='word_1_461' title='bbox 884 4156 1058 4222; x_wconf 72' lang='lat'>4089„</span> <span class='ocrx_word' id='word_1_462' title='bbox 1081 4158 1183 4212; x_wconf 88' lang='lat' dir='ltr'><strong>sub</strong></span> <span class='ocrx_word' id='word_1_463' title='bbox 1207 4173 1310 4229; x_wconf 89' lang='lat' dir='ltr'><strong>quo</strong></span> <span class='ocrx_word' id='word_1_464' title='bbox 1323 4197 1339 4224; x_wconf 93' lang='lat'><strong>,</strong></span> <span class='ocrx_word' id='word_1_465' title='bbox 1352 4143 1466 4211; x_wconf 66' lang='lat' dir='ltr'><strong>&#39;imo</strong></span> <span class='ocrx_word' id='word_1_466' title='bbox 1490 4163 1611 4211; x_wconf 89' lang='lat' dir='ltr'><strong>ante</strong></span> <span class='ocrx_word' id='word_1_467' title='bbox 1632 4156 1831 4228; x_wconf 80' lang='lat' dir='ltr'><strong>ipsum,</strong></span> <span class='ocrx_word' id='word_1_468' title='bbox 1847 4156 2259 4227; x_wconf 75' lang='lat' dir='ltr'><strong>Babyloniorum</strong></span> <span class='ocrx_word' id='word_1_469' title='bbox 2273 4158 2549 4229; x_wconf 87' lang='lat' dir='ltr'><strong>imperium</strong></span> 
     </span>
     <span class='ocr_line' id='line_1_45' title="bbox 211 4241 2547 4315; baseline 0 -17"><span class='ocrx_word' id='word_1_470' title='bbox 211 4241 401 4298; x_wconf 73' lang='lat' dir='ltr'><strong>florere</strong></span> <span class='ocrx_word' id='word_1_471' title='bbox 425 4243 742 4314; x_wconf 79' lang='lat' dir='ltr'><strong>excitarique</strong></span> <span class='ocrx_word' id='word_1_472' title='bbox 764 4243 962 4315; x_wconf 88' lang='lat' dir='ltr'><strong>coepit,</strong></span> <span class='ocrx_word' id='word_1_473' title='bbox 983 4260 1105 4298; x_wconf 87' lang='lat' dir='ltr'><strong>eum</strong></span> <span class='ocrx_word' id='word_1_474' title='bbox 1125 4243 1235 4297; x_wconf 84' lang='lat' dir='ltr'><strong>iam</strong></span> <span class='ocrx_word' id='word_1_475' title='bbox 1255 4243 1587 4314; x_wconf 73' lang='lat' dir='ltr'><strong>Assyriorum</strong></span> <span class='ocrx_word' id='word_1_476' title='bbox 1620 4242 1907 4297; x_wconf 83' lang='lat' dir='ltr'><strong>secundnm</strong></span> <span class='ocrx_word' id='word_1_477' title='bbox 1936 4241 2065 4296; x_wconf 86' lang='lat' dir='ltr'><strong>illud</strong></span> <span class='ocrx_word' id='word_1_478' title='bbox 2098 4242 2387 4297; x_wconf 80' lang='lat' dir='ltr'><strong>occidisset.</strong></span> <span class='ocrx_word' id='word_1_479' title='bbox 2431 4244 2547 4298; x_wconf 83' lang='lat' dir='ltr'><strong>Ete-</strong></span> 
     </span>
     <span class='ocr_line' id='line_1_46' title="bbox 212 4327 2546 4400; baseline 0.001 -17"><span class='ocrx_word' id='word_1_480' title='bbox 212 4330 325 4383; x_wconf 81' lang='lat' dir='ltr'><strong>nim</strong></span> <span class='ocrx_word' id='word_1_481' title='bbox 356 4335 481 4399; x_wconf 62' lang='lat' dir='ltr'><strong>pon</strong></span> <span class='ocrx_word' id='word_1_482' title='bbox 509 4329 842 4384; x_wconf 72' lang='lat' dir='ltr'><strong>Assarsddon</strong></span> <span class='ocrx_word' id='word_1_483' title='bbox 874 4329 1022 4383; x_wconf 83' lang='lat' dir='ltr'><strong>nulla</strong></span> <span class='ocrx_word' id='word_1_484' title='bbox 1048 4329 1115 4383; x_wconf 75' lang='lat' dir='ltr'><strong>fit</strong></span> <span class='ocrx_word' id='word_1_485' title='bbox 1143 4329 1369 4400; x_wconf 81' lang='lat' dir='ltr'><strong>amplius</strong></span> <span class='ocrx_word' id='word_1_486' title='bbox 1406 4344 1596 4400; x_wconf 86' lang='lat' dir='ltr'><strong>regum</strong></span> <span class='ocrx_word' id='word_1_487' title='bbox 1623 4329 1956 4399; x_wconf 75' lang='lat' dir='ltr'><strong>Assyriorum</strong></span> <span class='ocrx_word' id='word_1_488' title='bbox 1991 4327 2217 4392; x_wconf 86' lang='lat' dir='ltr'><strong>mentio,</strong></span> <span class='ocrx_word' id='word_1_489' title='bbox 2255 4329 2350 4383; x_wconf 84' lang='lat' dir='ltr'><strong>sed</strong></span> <span class='ocrx_word' id='word_1_490' title='bbox 2377 4330 2546 4386; x_wconf 82' lang='lat' dir='ltr'><strong>Mero·</strong></span> 
     </span>
     <span class='ocr_line' id='line_1_47' title="bbox 213 4413 2545 4486; baseline 0.002 -18"><span class='ocrx_word' id='word_1_491' title='bbox 213 4413 367 4468; x_wconf 78' lang='lat' dir='ltr'><strong>dschi</strong></span> <span class='ocrx_word' id='word_1_492' title='bbox 398 4415 497 4469; x_wconf 74' lang='lat' dir='ltr'><strong>filii</strong></span> <span class='ocrx_word' id='word_1_493' title='bbox 525 4413 763 4469; x_wconf 81' lang='lat' dir='ltr'><strong>Baladan</strong></span> <span class='ocrx_word' id='word_1_494' title='bbox 781 4414 1192 4484; x_wconf 76' lang='lat' dir='ltr'><strong>Babyloniorum</strong></span> <span class='ocrx_word' id='word_1_495' title='bbox 1222 4415 1486 4486; x_wconf 84' lang='lat' dir='ltr'><strong>principis,</strong></span> <span class='ocrx_word' id='word_1_496' title='bbox 1520 4432 1589 4468; x_wconf 72' lang='grc' dir='ltr'><strong>ιν.</strong></span> <span class='ocrx_word' id='word_1_497' title='bbox 1623 4413 1756 4484; x_wconf 83' lang='lat' dir='ltr'><strong>Beg.</strong></span> <span class='ocrx_word' id='word_1_498' title='bbox 1778 4432 1866 4480; x_wconf 68' lang='grc' dir='ltr'><strong>η,</strong></span> <span class='ocrx_word' id='word_1_499' title='bbox 1893 4413 1990 4477; x_wconf 72' lang='lat'><strong>12„</strong></span> <span class='ocrx_word' id='word_1_500' title='bbox 2012 4429 2152 4467; x_wconf 83' lang='lat' dir='ltr'><strong>anno</strong></span> <span class='ocrx_word' id='word_1_501' title='bbox 2168 4413 2417 4471; x_wconf 75' lang='lat' dir='ltr'><strong>Ezechiae</strong></span> <span class='ocrx_word' id='word_1_502' title='bbox 2438 4435 2545 4472; x_wconf 73' lang='lat' dir='ltr'><strong>xiv.</strong></span> 
     </span>
     <span class='ocr_line' id='line_1_48' title="bbox 213 4498 2546 4571; baseline 0.003 -19"><span class='ocrx_word' id='word_1_503' title='bbox 213 4498 443 4570; x_wconf 86' lang='lat' dir='ltr'><strong>Ideoque</strong></span> <span class='ocrx_word' id='word_1_504' title='bbox 470 4505 593 4570; x_wconf 84' lang='lat' dir='ltr'><strong>post</strong></span> <span class='ocrx_word' id='word_1_505' title='bbox 620 4499 901 4556; x_wconf 79' lang='lat' dir='ltr'><strong>Merodsch</strong></span> <span class='ocrx_word' id='word_1_506' title='bbox 933 4499 1252 4570; x_wconf 86' lang='lat' dir='ltr'><strong>Babylonios</strong></span> <span class='ocrx_word' id='word_1_507' title='bbox 1283 4515 1434 4571; x_wconf 83' lang='lat' dir='ltr'><strong>reges</strong></span> <span class='ocrx_word' id='word_1_508' title='bbox 1469 4499 1772 4554; x_wconf 87' lang='lat' dir='ltr'><strong>crediderim</strong></span> <span class='ocrx_word' id='word_1_509' title='bbox 1803 4500 1873 4553; x_wconf 88' lang='lat' dir='ltr'><strong>ab</strong></span> <span class='ocrx_word' id='word_1_510' title='bbox 1905 4499 2238 4569; x_wconf 84' lang='lat' dir='ltr'><strong>Assyriorum</strong></span> <span class='ocrx_word' id='word_1_511' title='bbox 2276 4501 2546 4558; x_wconf 77' lang='lat' dir='ltr'><strong>dominatu</strong></span> 
     </span>
     <span class='ocr_line' id='line_1_49' title="bbox 215 4586 988 4644; baseline -0.001 -3"><span class='ocrx_word' id='word_1_512' title='bbox 215 4601 271 4641; x_wconf 78' lang='lat' dir='ltr'><strong>se</strong></span> <span class='ocrx_word' id='word_1_513' title='bbox 292 4587 354 4640; x_wconf 84' lang='lat' dir='ltr'><strong>in</strong></span> <span class='ocrx_word' id='word_1_514' title='bbox 374 4587 669 4644; x_wconf 65' lang='lat' dir='ltr'><strong>libertatem</strong></span> <span class='ocrx_word' id='word_1_515' title='bbox 686 4586 988 4641; x_wconf 83' lang='lat' dir='ltr'><strong>asseruisse.</strong></span> 
     </span>
    </p>

    <p class='ocr_par' dir='ltr' id='par_1_6' title="bbox 355 4669 2544 4748">
     <span class='ocr_line' id='line_1_50' title="bbox 355 4669 2544 4748; baseline 0.004 -24"><span class='ocrx_word' id='word_1_516' title='bbox 355 4669 481 4733; x_wconf 80' lang='grc' dir='ltr'><strong>Τοός</strong></span> <span class='ocrx_word' id='word_1_517' title='bbox 502 4689 555 4726; x_wconf 77' lang='grc' dir='ltr'><strong>τι</strong></span> <span class='ocrx_word' id='word_1_518' title='bbox 570 4671 841 4734; x_wconf 72' lang='grc' dir='ltr'><strong>Χουθαίως</strong></span> <span class='ocrx_word' id='word_1_519' title='bbox 862 4670 1231 4743; x_wconf 51' lang='grc' dir='ltr'><strong>καλουμένους]</strong></span> <span class='ocrx_word' id='word_1_520' title='bbox 1267 4669 1500 4738; x_wconf 78' lang='lat' dir='ltr'><strong>Quatuor</strong></span> <span class='ocrx_word' id='word_1_521' title='bbox 1513 4669 1673 4729; x_wconf 80' lang='lat' dir='ltr'><strong>hosce</strong></span> <span class='ocrx_word' id='word_1_522' title='bbox 1687 4670 1907 4744; x_wconf 80' lang='lat' dir='ltr'><strong>populos</strong></span> <span class='ocrx_word' id='word_1_523' title='bbox 1928 4670 2086 4744; x_wconf 81' lang='lat' dir='ltr'><strong>longe</strong></span> <span class='ocrx_word' id='word_1_524' title='bbox 2106 4673 2256 4731; x_wconf 81' lang='lat' dir='ltr'><strong>aliter</strong></span> <span class='ocrx_word' id='word_1_525' title='bbox 2275 4675 2544 4748; x_wconf 80' lang='lat' dir='ltr'><strong>Scriptura</strong></span> 
     </span>
    </p>

    <p class='ocr_par' dir='ltr' id='par_1_7' title="bbox 2056 4776 2139 4831">
     <span class='ocr_line' id='line_1_51' title="bbox 2056 4776 2139 4831; baseline 0 -24"><span class='ocrx_word' id='word_1_526' title='bbox 2056 4776 2139 4831; x_wconf 70' lang='lat' dir='ltr'><strong>B·</strong></span> 
     </span>
    </p>
   </div>
   <div class='ocr_carea' id='block_1_5' title="bbox 2601 3655 2724 3708">
    <p class='ocr_par' dir='ltr' id='par_1_8' title="bbox 2601 3655 2724 3708">
     <span class='ocr_line' id='line_1_52' title="bbox 2601 3655 2724 3708; baseline -0.008 -10"><span class='ocrx_word' id='word_1_527' title='bbox 2601 3655 2724 3708; x_wconf 49' lang='lat'><strong>221.</strong></span> 
     </span>
    </p>
   </div>
  </div>
 </body>
</html>
