3185 5219
2301 336 2618 398 CLXXXIII

294 490 397 544 illis
414 490 583 544 tribus
599 489 793 545 festum
810 491 941 545 illud
964 492 1215 557 extiterit,
1240 491 1388 545 cuius
1406 507 1592 547 caussa
1609 493 1842 547 Christus
1861 493 2122 560 ascendit,
2143 511 2314 566 neque
2329 497 2619 567 posteriora

296 576 396 629 duo
418 577 598 630 locum
619 577 736 630 istic
757 575 1008 643 habeant,
1038 593 1251 631 necesse
1274 582 1353 632 est
1375 577 1436 631 de
1459 579 1654 649 primo,
1676 577 1774 632 hoc
1798 584 1880 633 est
1899 578 2171 649 paschate,
2202 580 2450 634 Ioannem
2476 583 2618 635 locu·

295 666 421 715 tum.
491 660 645 725 Quod
678 663 817 716 enim
851 680 1020 733 neque
1050 668 1373 734 pentecoste,
1408 680 1574 733 neque
1610 665 1924 735 scenopegia
1955 664 2131 729 fuerit,
2172 675 2479 734 argumento
2521 674 2616 732 est,

295 746 433 818 quod
465 748 721 818 superiori
755 748 923 818 capite
948 747 1179 802 Christus
1202 749 1405 802 dixerat
1427 766 1559 804 com.
1577 749 1661 803 35.
1686 755 1906 819 quatuor
1936 767 2143 803 menses
2167 751 2234 803 ad
2255 769 2479 805 messem
2501 753 2618 805 reli-

295 849 423 903 quos
445 833 630 886 fuisse.
674 834 744 888 At
763 832 891 887 haec
914 851 1032 887 meo
1056 834 1243 888 iudicio
1268 835 1533 888 levissima
1556 840 1693 888 sunt.
1749 834 1882 888 Nam
1918 842 1976 888 ut
1998 837 2236 890 omittam
2261 836 2398 907 quod
2419 837 2617 891 Maldo-

292 923 447 972 natus
468 918 762 984 existimat,
793 918 1124 989 proverbium
1159 920 1420 990 quoddam
1453 921 1586 974 inter
1609 919 1826 974 Iudaeos
1857 921 2110 974 eiusmodi
2132 926 2418 987 versatum,
2450 922 2615 976 adhuc

290 1020 499 1056 menses
518 1023 574 1060 xv
593 1004 659 1057 ad
681 1021 907 1058 messem
929 1012 1232 1075 supersunt;
1265 1023 1383 1059 cum
1418 1005 1546 1059 nihil
1566 1007 1706 1076 quod
1729 1013 1936 1076 urgeret
1959 1023 2075 1059 esse
2097 1006 2393 1076 significare
2411 1008 2615 1072 vellent,

292 1105 383 1143 cur
404 1089 1007 1160 satericogimur-unum
1028 1091 1156 1144 illud
1183 1092 1376 1144 festum
1410 1108 1439 1144 e
1470 1092 1640 1146 tribus
1673 1092 1835 1145 fuisse
1868 1092 2186 1145 maioribus?
2253 1092 2435 1145 Nonne
2470 1098 2522 1145 et
2549 1092 2613 1146 ad

291 1176 542 1228 encaenia
562 1176 771 1228 venisse
803 1174 1066 1230 Christum
1095 1181 1349 1229 testantur
1380 1179 1654 1247 evangelia
1685 1184 1739 1230 et
1771 1178 1995 1247 reliquos
2030 1178 2097 1231 ab
2129 1177 2312 1230 eodem
2342 1178 2617 1230 verisimile

292 1266 370 1314 est
391 1260 505 1314 dies
530 1276 647 1313 esse
670 1261 995 1314 celebratos?
1064 1260 1232 1325 Quare
1263 1263 1366 1315 nisi
1398 1263 1464 1315 ad
1485 1268 1820 1332 pentecosten
1845 1279 1966 1315 cum
1989 1262 2383 1332 ChrysostomO,
2422 1261 2613 1331 Cyrillo

290 1351 443 1415 atque
479 1362 549 1398 ex
582 1346 955 1399 recentioribus
985 1347 1285 1400 Maldonato
1319 1347 1535 1418 aliisque
1569 1349 1825 1418 pertinere
1855 1348 2101 1412 velimus,
2142 1355 2194 1400 at
2227 1347 2463 1415 Phurim,
2505 1348 2616 1400 sive

291 1430 524 1484 Sortium
564 1431 784 1496 festum,
825 1432 963 1502 quod
994 1432 1133 1484 Adar
1165 1431 1241 1487 15.
1278 1432 1595 1485 celebratum
1629 1438 1731 1498 est,
1763 1432 1891 1486 nihil
1922 1438 2065 1485 vetat
2095 1433 2331 1502 intelligi.
2401 1433 2479 1486 De
2511 1449 2615 1501 quo

291 1516 488 1569 erudite
512 1513 765 1587 Keplerus
788 1518 843 1570 iu
865 1518 1089 1587 Eclogis.
1161 1517 1271 1571 Iam
1304 1518 1581 1571 sabbatum
1613 1518 1740 1571 illud
1772 1519 2169 1588 deuteroproton
2193 1522 2313 1588 post
2334 1518 2558 1588 primum
2583 1534 2616 1569 a

292 1601 553 1671 baptismo
575 1600 769 1672 pascha
790 1603 1035 1656 collocari
1055 1608 1250 1673 potest,
1277 1609 1401 1656 utet
1415 1603 1666 1673 Keplerus
1685 1603 1876 1657 ibidem
1909 1610 1962 1656 et
1992 1621 2087 1656 nos
2114 1605 2216 1673 ipsi
2232 1603 2452 1656 subinde
2468 1619 2614 1655 mon-

291 1687 591 1741 strabimus.
662 1688 836 1741 Unum
866 1693 1103 1759 superest
1136 1688 1273 1758 quod
1307 1705 1374 1741 ex
1404 1688 1667 1742 Kemnitio
1701 1689 1945 1760 proponit
1976 1689 2312 1760 dissolvitque
2344 1688 2612 1758 Keplerus.

290 1773 496 1826 Etenim
523 1771 758 1827 Christus
781 1774 1218 1844 praedicationem
1242 1791 1464 1827 exorsus
1492 1780 1571 1828 est
1601 1779 1878 1844 postquam
1910 1775 2128 1828 Ioannes
2161 1775 2214 1827 in
2248 1790 2505 1827 carcerem
2536 1779 2617 1826 est

290 1859 483 1911 missus
498 1898 511 1922 ,
534 1857 718 1911 Matth.
738 1878 809 1924 ιν,
839 1859 933 1924 12.,
956 1861 1113 1913 Marc.
1133 1879 1177 1924 1,
1208 1861 1284 1912 14.
1331 1860 1609 1913 Coniectus
1643 1864 1815 1912 autem
1848 1863 1926 1912 est
1950 1860 2004 1913 in
2027 1861 2234 1912 vincula
2255 1859 2475 1913 Ioannes
2497 1863 2616 1928 post

290 1942 486 2014 pascha
506 1944 749 2014 primum.
787 1944 920 1998 Nam
943 1962 1003 1998 eo
1023 1944 1280 1998 celebrato
1299 1944 1518 1998 loannes
1540 1945 1797 2015 baptizare
1819 1947 2006 2015 pergit,
2029 1944 2208 2000 Ioann.
2222 1964 2300 2010 111,
2325 1945 2406 1997 23.
2444 1943 2613 2007 Quare

291 2030 569 2083 sabbatum
589 2029 762 2083 Lucae
785 2030 1185 2100 deuteroproton
1217 2039 1267 2083 et
1299 2032 1384 2084 ille
1416 2048 1507 2101 per
1529 2035 1737 2100 segetes
1760 2031 1997 2083 incessus
2021 2048 2128 2083 non
2149 2035 2322 2101 potest
2337 2031 2506 2100 primo
2524 2044 2613 2099 pa·

290 2114 457 2168 achati
482 2115 695 2179 subiici3
731 2115 853 2184 quia
875 2115 1202 2181 iamdudum,
1238 2132 1356 2168 cum
1386 2114 1513 2168 haec
1538 2121 1830 2185 agerentur,
1853 2115 2150 2185 praedicare
2174 2114 2410 2169 Christus
2434 2131 2613 2185 coepe·

291 2207 384 2254 rat.
431 2200 511 2253 Ex
537 2216 639 2270 quo
664 2202 897 2271 sequitur
919 2220 973 2255 iv
997 2202 1183 2255 saltem
1207 2202 1325 2255 elici
1346 2200 1621 2272 paschata,
1644 2207 1703 2255 ut
1724 2202 1881 2270 paulo
1904 2207 2023 2254 ante
2048 2201 2438 2272 disputavimus,

425 2286 621 2339 Verum
645 2303 749 2340 non
773 2291 892 2339 ante
915 2287 1124 2340 Ioannis
1146 2303 1404 2340 carcerem
1427 2287 1756 2358 praedicandi
1778 2303 1969 2340 munus
1994 2288 2228 2357 attigisse
2251 2286 2529 2352 Christum,
2555 2302 2616 2339 ac

293 2375 437 2425 tanto
468 2375 702 2442 tempore
738 2373 963 2425 otiosum
993 2389 1055 2424 ac
1085 2372 1317 2426 desidem
1349 2372 1536 2438 fuisse,
1566 2372 1944 2443 perabsurdum
1975 2373 2192 2425 videtur.
2258 2371 2325 2425 Et
2363 2374 2410 2425 si
2439 2388 2618 2438 verum

292 2457 442 2510 fateri
464 2457 707 2510 volumus
728 2455 1000 2510 Nicodemi
1018 2458 1109 2511 illa
1133 2475 1250 2512 cum
1276 2457 1478 2512 Christo
1503 2459 1801 2528 congressio
1837 2458 2052 2528 eiusque
2075 2459 2234 2511 verba
2257 2458 2379 2510 ista:
2420 2457 2618 2509 Scimus

293 2547 412 2613 quia
436 2561 473 2593 α
496 2544 589 2595 deo
611 2547 794 2594 venisti
814 2547 1083 2611 mayister5
1108 2562 1246 2596 nemo
1270 2548 1397 2596 enim
1413 2553 1582 2614 potest
1599 2544 1728 2596 haec
1751 2547 2096 2613 siqnafacere
2112 2562 2240 2614 quae
2265 2546 2491 2612 tusae-is,
2517 2546 2622 2594 nisi

283 2633 452 2697 fuerit
473 2630 595 2681 deus
618 2646 727 2680 eum
753 2648 831 2692 eo,
866 2635 983 2683 tum
1017 2646 1150 2700 quae
1182 2631 1433 2701 superiori
1456 2631 1625 2699 capite
1647 2636 1922 2683 narrantur
1948 2629 2008 2681 de
2033 2630 2210 2682 multis
2235 2629 2288 2681 in
2310 2630 2482 2699 ipsum
2508 2645 2616 2680 cre-

295 2714 558 2778 dentibus,
590 2714 917 2785 praedicasse
946 2717 1052 2768 iam
1088 2715 1347 2768 Christum
1381 2720 1433 2767 et
1464 2715 1527 2767 ad
1560 2715 1815 2785 populum
1844 2714 2028 2767 fecisse
2057 2714 2216 2767 verba
2248 2714 2616 2766 demonstrant.

294 2799 435 2853 Adde
456 2798 541 2852 his
566 2800 743 2853 omnia
764 2816 898 2870 quae
921 2807 1042 2853 ante
1065 2802 1295 2853 vinctum
1319 2799 1568 2852 Ioannem
1592 2816 1624 2851 a
1648 2798 1857 2852 Christo
1881 2797 2016 2851 dicta
2035 2798 2277 2868 factaque
2302 2799 2489 2851 caeteri
2513 2805 2615 2850 tres

296 2886 492 2954 aliquot
525 2884 781 2955 capitibus
816 2886 1076 2957 complexi
1110 2890 1249 2938 sunt.
1318 2884 1454 2949 Quin
1488 2890 1540 2936 et
1570 2884 1753 2937 Petrus
1785 2884 1899 2938 Act.
1933 2901 1965 2937 1.
2002 2899 2033 2936 a
2065 2884 2322 2953 baptismo
2356 2882 2614 2935 Christum

297 2971 528 3041 coepisse
551 2975 783 3023 testatur.
846 2971 989 3024 Idem
1012 2971 1198 3024 Euseb.
1222 2970 1312 3023 lib.
1333 2989 1368 3023 1.
1394 2987 1506 3041 cap.
1528 2988 1578 3023 x.
1605 2975 1658 3023 et
1678 2968 1776 3022 hoc
1799 2970 1912 3022 loco
1938 2969 2089 3022 docet
2110 2966 2445 3039 Epiphanius.
2513 2969 2617 3021 Ire·

293 3070 453 3109 naeus
477 3055 615 3109 enim
639 3073 764 3111 xxx.
784 3070 918 3110 anno
939 3057 1259 3127 baptizatum
1279 3061 1452 3127 putat,
1477 3061 1530 3107 et
1551 3061 1672 3126 post
1693 3056 1890 3124 aliquot
1914 3070 2078 3107 annos
2103 3070 2223 3106 cum
2246 3053 2349 3106 iam
2373 3053 2614 3106 idoneam

295 3142 357 3195 ad
380 3141 672 3195 docendum
693 3148 913 3194 aetatem
939 3146 1075 3195 esset
1099 3142 1339 3211 adeptus,
1372 3142 1628 3194 triennem
1657 3140 2094 3211 praedicationem
2126 3137 2412 3192 inchoasse.
2481 3138 2616 3191 Nam

295 3227 429 3298 quod
453 3227 520 3279 ad
536 3225 787 3297 Epiphan.
810 3228 1014 3293 attinet,
1048 3244 1206 3297 supra
1238 3244 1381 3280 num.
1401 3244 1543 3280 xxrv.
1565 3226 1813 3297 postridie
1837 3227 1947 3278 eius
1972 3225 2070 3278 diei
2096 3242 2198 3295 quo
2222 3225 2512 3294 baptizatus
2536 3230 2620 3277 est

291 3312 726 3383 praedicationem
748 3312 890 3365 illam
917 3315 1213 3383 occoepisse
1237 3313 1362 3367 dicit
1384 3329 1516 3383 quae
1541 3313 1607 3365 ad
1631 3310 1844 3363 ἐνιαυτὸν
1870 3310 2039 3363 esaim·
2061 3310 2294 3363 refertur.
2363 3309 2494 3374 Quid
2517 3311 2616 3380 igi·

293 3403 375 3450 tur
396 3398 733 3467 evangelistis
755 3398 858 3450 illis
881 3398 1157 3464 faciemus,
1182 3400 1272 3469 qui
1295 3400 1522 3452 coniecto
1547 3399 1757 3453 demum
1779 3398 1835 3450 in
1859 3414 2115 3450 carcerem
2138 3395 2331 3448 Ioanne
2356 3394 2615 3451 Christum

292 3489 507 3537 narrant
538 3483 832 3553 praedicare
866 3484 1135 3554 coepisse?
1201 3484 1422 3556 Keplero
1446 3486 1620 3538 visum
1653 3490 1734 3537 est
1761 3484 2064 3536 traiectione
2089 3482 2326 3535 versiculi
2349 3483 2504 3534 unius
2529 3497 2616 3533 ne-

294 3570 495 3640 gotium
520 3584 674 3638 posse
698 3568 899 3622 confici.
944 3568 1078 3622 Nam
1103 3570 1149 3622 si
1170 3570 1351 3623 Matth.
1372 3589 1442 3624 ιν.
1464 3586 1597 3624 vers.
1623 3569 1717 3633 12„
1750 3587 1859 3620 cum
1885 3579 2048 3620 autem
2074 3569 2300 3620 audisset
2320 3567 2465 3619 Iesus
2487 3568 2620 3636 quod

294 3656 516 3708 Ioannes
539 3656 760 3707 traditus
783 3666 928 3718 esset,
954 3659 1161 3707 secessit
1180 3659 1233 3707 in
1263 3656 1578 3720 Galilaeam,
1603 3655 1728 3707 item
1749 3654 1908 3706 Marc.
1927 3672 1963 3706 1.
1989 3654 2034 3705 si
2058 3668 2264 3705 comma
2286 3652 2362 3706 14.
2389 3651 2491 3704 alio
2515 3656 2620 3702 tra-

292 3740 464 3805 iicias,
498 3739 810 3793 narrationis
842 3740 1075 3793 ordinem
1108 3740 1375 3810 aptissime
1406 3745 1670 3793 contexes.
1739 3737 1869 3791 Mihi
1892 3754 2013 3790 vero
2048 3737 2175 3790 haec
2199 3737 2354 3790 nnius
2374 3735 2618 3789 versiculi

293 3825 529 3879 traiectio
548 3825 779 3878 violenta
810 3841 936 3879 sane
971 3826 1184 3879 videtur.
1253 3824 1393 3878 Nihil
1426 3825 1563 3878 enim
1601 3824 1790 3877 clarius
1826 3828 1904 3876 est
1937 3840 2093 3893 qnam
2120 3840 2252 3893 quae
2275 3822 2618 3895 subiiciuntur

294 3911 541 3964 cumillis
565 3911 692 3981 ipsis
716 3912 986 3964 versiculis
1011 3927 1125 3963 esse
1150 3926 1404 3965 connexa.
1473 3910 1648 3962 Satius
1683 3917 1761 3962 est
1791 3908 1950 3978 igitur
1974 3908 2246 3962 commoda
2267 3907 2442 3975 aliqua
2462 3906 2615 3958 inter-

292 3997 581 4068 pretatione
602 3997 703 4050 loci
724 3997 862 4050 illius
882 3996 1175 4050 difficultati
1191 3996 1472 4050 consulere.
1508 3994 1618 4047 Hoc
1636 4011 1757 4047 vero
1776 3994 2017 4065 perfacile
2040 4000 2134 4046 est.
2170 3992 2304 4045 Nam
2321 3989 2616 4044 Matthaeus

293 4089 345 4135 et
364 4083 578 4136 Marcus
600 4098 933 4152 nequaqnam
956 4080 1084 4135 illud
1108 4080 1319 4145 docent,
1354 4079 1615 4133 Christum
1646 4086 1770 4133 tnnc
1802 4080 1996 4144 solum,
2032 4096 2151 4132 cum
2186 4079 2406 4130 Ioannes
2427 4077 2481 4128 in
2505 4077 2616 4128 vin-

294 4169 411 4221 cula
432 4168 629 4220 missus
652 4172 758 4233 est,
792 4166 1087 4237 praedicare
1120 4168 1175 4221 in
1205 4167 1479 4237 populum,
1511 4165 1610 4218 hoc
1641 4171 1719 4219 est
1751 4165 1954 4235 publice
1979 4166 2137 4217 verba
2167 4162 2335 4215 facere
2357 4161 2615 4230 coepisse;

295 4254 432 4324 quod
455 4270 525 4306 ex
546 4253 652 4306 illis
674 4253 803 4323 ipsis
828 4254 1159 4323 evangelistis
1182 4252 1376 4305 falsum
1399 4267 1513 4304 esse
1537 4256 1870 4303 monstratur.
1920 4249 2023 4301 Sed
2048 4248 2127 4300 liic
2151 4262 2336 4299 sensus
2362 4252 2464 4310 est,
2498 4252 2616 4314 post

293 4344 503 4410 captum
525 4338 775 4392 Ioannem
798 4355 993 4392 novum
1016 4340 1159 4391 velut
1180 4338 1385 4392 initium
1408 4335 1736 4408 praedicandi
1760 4335 1968 4397 fecisse,
2003 4349 2062 4385 ac
2100 4348 2217 4383 cum
2248 4331 2534 4383 accuratius
2557 4332 2611 4383 in

292 4425 417 4479 illud
433 4424 708 4495 negotium
724 4424 1039 4487 incubuisse,
1063 4429 1175 4476 tum
1191 4439 1312 4476 vero
1332 4421 1600 4492 speciatim
1617 4421 1742 4474 illud
1764 4420 2064 4481 inculcasse,
2086 4421 2442 4487 poenitentiam
2460 4421 2612 4485 ayne,

295 4514 681 4581 appropinquat
693 4515 818 4561 enim
839 4527 1045 4577 reynum
1063 4510 1324 4561 coelorum.
1355 4506 1658 4561 Cuiusmodi
1674 4504 2081 4559 cohortationem
2099 4503 2183 4555 vel
2199 4502 2426 4555 nondum
2445 4508 2612 4566 antea,

296 4596 373 4650 vel
398 4596 575 4650 minus
599 4593 776 4647 crebro
802 4610 862 4647 ac
885 4592 1212 4648 vehementer
1236 4597 1530 4663 usurparat,
1564 4592 1703 4662 quod
1735 4606 1850 4644 eam
1882 4588 1982 4641 sibi
2003 4589 2223 4643 Ioannes
2244 4586 2616 4660 praedicandae

878 4682 905 4709 D

2668 2402 2711 2442 p.
2729 2388 2816 2432 ²⁰⁶1.
