3185 5219
384 1071 427 1111 p.
445 1058 534 1101 258.

595 382 858 439 com

590 540 842 610 suspicor,
876 537 1012 608 quod
1038 536 1412 607 Aegyptiorum
1445 535 1660 589 deorum
1692 534 1913 588 ministri
1942 534 2047 590 rasi
2079 540 2280 601 essem,
2312 539 2373 589 nt
2402 533 2591 605 Synes.
2612 535 2703 589 lib.
2728 534 2793 589 de
2814 533 2919 589 En-

590 640 724 679 com.
751 623 980 687 Calvitii,
1002 620 1262 677 Plutarch.
1285 627 1437 674 tract.
1460 620 1524 675 de
1547 619 1708 685 Iside,
1734 620 1924 691 aliique
1946 620 2239 692 complures
2262 620 2578 691 significant.

722 708 785 762 N.
811 726 865 763 π.
913 705 1055 759 Ἀλλ’
1078 705 1170 759 οὐκ
1193 703 1372 777 ἔμεινεν
1396 706 1576 776 αὐτῷ]
1632 706 1777 759 Hanc
1802 705 2042 776 origenis
2064 703 2335 759 historiam
2358 721 2421 759 ae
2441 705 2649 776 lapsum
2670 713 2920 760 revocant

587 796 642 848 in
666 794 879 848 dubium
901 793 1131 846 Annales
1149 792 1526 856 Ecclesiastici,
1551 808 1690 845 anno
1714 807 1898 847 ccam.
1920 808 2065 845 uum.
2085 806 2226 856 cxx„
2249 798 2303 845 et
2323 790 2594 862 deinceps,
2616 790 2753 857 imo,
2775 791 2921 862 quud

587 881 811 950 amplius
834 884 914 932 est
928 918 942 943 ,
972 879 1146 932 locum
1178 879 1338 931 istum
1361 893 1463 947 quo
1485 876 1713 930 narratio
1738 877 1830 931 illa
1852 877 2145 931 continetur
2166 881 2467 949 suspectum
2488 876 2734 941 reddunt,
2766 877 2929 947 qnasi‘

587 966 654 1019 ab
677 964 849 1035 aliquo
873 979 1143 1035 perperam
1169 963 1236 1016 sit
1250 963 1490 1017 insertus.
1528 962 1758 1026 Quorum
1776 962 1873 1016 hoc
1890 962 2149 1034 posterius
2165 963 2435 1033 perspicue
2450 962 2643 1015 falsum
2657 1002 2671 1027 ,
2693 962 2917 1015 alterum

584 1065 688 1103 non
712 1051 842 1103 satis
867 1050 1169 1120 probatum,
1207 1054 1482 1118 utrumque
1514 1047 1795 1101 levioribus
1830 1048 2139 1101 coniecturis
2172 1048 2415 1103 innixum
2445 1052 2527 1100 est
2558 1062 2720 1118 quam
2748 1052 2916 1100 utve-

584 1134 871 1189 tustissimo
881 1134 1324 1204 sanctissimoque
1340 1134 1476 1205 patri
1493 1132 1624 1186 fides
1641 1132 1738 1186 hec
1754 1132 1810 1186 in
1826 1138 1972 1204 parte
1994 1132 2288 1203 derogetur.
2322 1131 2687 1187 Commentum
2708 1138 2814 1196 est,
2835 1133 2914 1186 in-

584 1222 796 1297 quiunt,
832 1226 884 1273 et
915 1219 1158 1273 affectata
1192 1219 1477 1284 calumnia,
1511 1218 1653 1289 quod
1675 1217 1738 1271 de
1761 1216 2002 1289 origenis
2024 1218 2177 1289 lapsu
2196 1233 2232 1271 a
2252 1218 2518 1272 nonnullis
2538 1218 2743 1273 iacitur.
2780 1216 2914 1271 ‘Gur

583 1308 656 1361 ita
687 1306 933 1359 tandem?
981 1304 1240 1369 Quoniam
1261 1305 1571 1376 scriptorum
1595 1308 1829 1358 veterum
1849 1320 2032 1368 nemo,
2057 1304 2149 1374 qui
2170 1304 2255 1356 vel
2274 1318 2370 1374 pro
2394 1303 2620 1373 origene
2639 1302 2914 1374 apologis:

583 1391 880 1457 ediderunt,
911 1391 997 1444 vel
1029 1391 1202 1461 ipsum
1238 1406 1268 1442 e
1305 1391 1562 1443 contrario
1596 1390 1801 1459 scriptis
1833 1389 1943 1442 suis
1975 1395 2367 1460 oppugnarunt,
2403 1390 2514 1442 eius
2548 1390 2625 1442 rei
2656 1389 2912 1443 memini&

581 1478 741 1548 Atqui
761 1494 859 1531 nos
881 1475 1230 1547 Epiphaniam
1254 1475 1591 1546 opponimus,
1626 1490 1729 1545 quo
1754 1490 1922 1544 neque
1946 1474 2289 1546 antiquiorem
2311 1480 2571 1540 autorem,
2601 1489 2770 1544 neque
2792 1488 2911 1545 gra-

582 1563 779 1616 viorem
816 1562 1075 1631 requirere
1110 1559 1384 1626 debemus,
1419 1561 1509 1631 qui
1544 1560 1607 1614 de
1643 1558 1867 1630 Origene
1906 1560 2050 1613 velut
2089 1567 2407 1631 compertam
2450 1576 2560 1613 rem
2590 1560 2914 1629 minimeque

584 1647 793 1701 dubiam
825 1645 953 1700 illud
975 1647 1149 1717 ipsum
1171 1645 1363 1701 retulit.
1423 1645 1484 1699 In
1507 1662 1612 1716 quo
1634 1660 1951 1716 magnopere
1973 1644 2366 1716 ponderandum
2387 1644 2529 1698 istud
2560 1650 2669 1710 est,
2705 1645 2911 1715 quoties

582 1731 838 1786 eiusmodi
862 1731 1058 1802 aliquid
1081 1732 1324 1802 proponit
1344 1729 1692 1803 Epiphanius,
1728 1732 1869 1802 quod
1899 1730 1964 1784 ad
1988 1730 2208 1784 alicuius
2232 1731 2387 1783 etiam
2411 1730 2642 1801 alioquin
2665 1728 2912 1784 haeretiei

581 1832 644 1870 ac
675 1817 861 1870 nefarii
894 1815 1122 1870 hominis
1153 1816 1404 1870 invidiam
1437 1816 1885 1886 ignominiamque
1916 1816 2164 1886 pertinet,
2202 1815 2258 1868 id
2291 1818 2337 1869 si
2372 1815 2560 1869 dubiae
2591 1815 2913 1886 minmeque

583 1902 870 1956 constantis
891 1902 1063 1955 famae
1087 1903 1178 1967 sit,
1212 1902 1465 1956 nonnulla
1496 1918 1619 1955 cum
1654 1902 1990 1955 excusatione
2014 1915 2073 1955 ac
2096 1901 2385 1955 titubanter
2403 1901 2471 1954 ab
2492 1901 2585 1954 illo
2606 1900 2908 1971 signifieat,

581 1994 738 2058 atque
761 1986 858 2041 hoc
882 1989 1136 2059 imprimis
1160 1988 1355 2053 caveri,
1377 2004 1445 2041 ne
1467 1988 1668 2042 incerta
1688 2003 1743 2041 re
1767 1985 2221 2041 commemoranda
2243 1993 2438 2040 certam
2461 1986 2617 2039 alicui
2635 1985 2908 2039 infamiam

580 2088 641 2126 ac
664 2073 885 2127 dedecus
907 2075 1157 2144 imponat.
1224 2073 1334 2127 Hoc
1355 2088 1477 2127 vero
1500 2072 1618 2127 loco
1639 2072 1840 2126 nullam
1872 2070 2165 2125 istiusmodi
2196 2071 2487 2125 cautionem
2524 2071 2782 2136 adiab-it,
2810 2070 2909 2125 sed

581 2174 700 2212 cum
723 2159 786 2211 de
807 2160 959 2230 lapsu
982 2164 1036 2212 et
1053 2159 1248 2212 iniecto
1269 2164 1383 2212 ture
1407 2163 1693 2223 constaret,
1718 2157 1815 2211 hoc
1838 2172 2002 2211 unum
2024 2158 2256 2228 excepit,
2278 2156 2416 2227 quod
2439 2156 2487 2210 si
2504 2172 2689 2211 verum
2708 2162 2819 2222 est,
2840 2156 2907 2209 ad

581 2244 955 2298 sublevandum
979 2244 1258 2314 origenem
1282 2244 1443 2308 valet,
1466 2243 1839 2298 nonnullorum
1859 2243 2042 2296 iactari
2063 2243 2419 2308 sermombus,
2440 2254 2773 2313 nequaqum
2794 2240 2906 2296 ori-

580 2344 767 2400 genem
790 2330 963 2400 ipsum
984 2335 1070 2383 tus
1095 2329 1408 2393 adolevisse,
1431 2328 1522 2382 sed
1543 2344 1666 2382 cum
1690 2329 1802 2382 eius
1825 2328 2005 2400 digitis
2027 2335 2168 2382 esset
2186 2328 2515 2398 impositum,
2534 2328 2591 2381 in
2614 2328 2905 2381 subiectum

581 2428 702 2469 arae
719 2414 889 2468 forum
908 2430 939 2467 a
957 2415 1239 2484 gentilibus
1257 2430 1537 2468 excussum
1554 2413 1735 2469 fuisse.
1804 2413 1956 2478 Quod
1976 2414 2137 2484 igitur
2158 2414 2213 2466 in
2237 2412 2547 2467 sacrificium
2570 2426 2634 2467 ae
2652 2413 2904 2467 maiorem

579 2501 786 2554 sceleris
808 2507 1007 2571 partem
1038 2500 1358 2554 consenserit
1380 2497 1637 2570 Origenes
1650 2539 1665 2565 ,
1697 2500 1913 2553 minime
1944 2498 2200 2553 dubitavit
2227 2496 2574 2570 Epiphanius,
2607 2503 2786 2553 utrum
2814 2514 2904 2553 ex-

577 2600 814 2659 pressum
838 2585 936 2640 hoc
960 2587 1026 2640 ab
1048 2586 1211 2640 invito
1239 2584 1442 2640 facinus
1472 2584 1708 2639 eiusdem
1741 2600 1901 2640 manu
1936 2583 2355 2639 administratum
2374 2583 2553 2651 fuerit,
2582 2583 2637 2638 id
2657 2596 2783 2640 vero
2812 2584 2903 2639 du·
2962 2578 2970 2587 ’

577 2673 774 2726 bitavit.
809 2671 1012 2725 Caeteri
1035 2672 1125 2742 qui
1141 2672 1223 2739 vel
1247 2672 1565 2742 antiquiores
1587 2670 1904 2742 Epiphanio,
1926 2670 2010 2723 vel
2030 2670 2172 2724 illius
2190 2670 2445 2741 temporis
2466 2683 2721 2742 suppares
2740 2677 2902 2736 erent,

575 2759 762 2829 partim
787 2757 1027 2828 origenis
1051 2773 1228 2812 amore
1250 2757 1673 2822 dissimularunt,
1706 2758 1895 2829 partlm
1920 2755 2057 2827 quod
2081 2755 2147 2808 ad
2168 2770 2281 2809 rem
2302 2756 2517 2809 minime
2536 2755 2760 2822 faceret,
2783 2756 2902 2810 savi-

575 2843 743 2898 bendo
763 2844 1236 2915 praetermiserunt.
1269 2844 1440 2914 Atque
1458 2842 1715 2898 Eusebius
1740 2841 1973 2913 quidem,
1996 2846 2180 2912 utpote
2201 2840 2443 2911 origenis
2465 2837 2764 2907 adurimur,
2782 2857 2902 2896 een-

574 2929 710 2982 sulto
735 2936 793 2982 ut
817 2930 1101 2995 omitteret,
1124 2929 1312 2983 fecisse
1333 2928 1549 2983 videtur.
1619 2927 1755 2982 Nam
1776 2926 1907 2981 nihil
1929 2942 2110 2980 eorum
2132 2926 2322 2992 tacuit,
2355 2939 2487 2997 quae
2508 2926 2577 2981 ad
2598 2926 2742 2981 illius
2765 2941 2903 2981 com-

573 3014 981 3081 mendationem,
1005 3013 1136 3068 nihil
1159 3015 1353 3079 attulit,
1377 3013 1514 3084 quod
1538 3013 1605 3065 ad
1627 3012 1963 3066 minuendam
1986 3012 2431 3065 existimationem
2452 3012 2663 3065 valeret.
2696 3011 2902 3083 Reliqui

574 3105 682 3152 tam
703 3100 957 3166 fautores,
990 3116 1147 3169 quam
1172 3099 1459 3152 adversarii
1482 3097 1750 3169 origenis,
1784 3113 1908 3151 cum
1939 3096 2001 3150 de
2030 3097 2205 3169 impiis
2234 3098 2349 3151 eius
2381 3097 2713 3168 dogmatibus
2748 3104 2899 3169 atque

576 3185 833 3238 erroribus
865 3186 919 3238 in
951 3190 1214 3238 certamen
1247 3183 1754 3254 disputationemque
1775 3184 2063 3248 venissent,
2098 3183 2253 3236 facile
2288 3188 2646 3253 contempsere
2679 3189 2896 3237 caetera.

575 3271 650 3321 Ac
672 3269 898 3340 profecto
922 3270 984 3323 de
1009 3286 1070 3322 eo
1095 3269 1308 3323 crimine
1331 3268 1472 3321 sileri
1493 3283 1527 3321 a
1547 3269 1892 3322 sanctissimis
1915 3268 2040 3321 viris
2064 3267 2437 3338 aequissimum
2458 3268 2582 3334 fuit,
2616 3269 2769 3322 euius
2786 3274 2895 3322 tsn-

575 3359 751 3424 topere
784 3354 928 3408 illum
962 3354 1279 3424 poenituisse
1312 3354 1530 3418 scirent,
1564 3370 1632 3407 ue
1666 3353 1891 3407 hominis
1923 3354 2205 3407 memoriae
2239 3353 2489 3407 insultare
2520 3354 2898 3424 obtrectarique

574 3438 705 3491 velle
727 3440 898 3510 potius
924 3455 1079 3509 quam
1102 3453 1300 3493 errores
1324 3438 1571 3492 damnare
1592 3438 1905 3494 viderentur.
1947 3438 2025 3492 De
2049 3439 2189 3506 aliis,
2203 3449 2437 3510 ‘quorum
2460 3440 2656 3510 scripte
2677 3455 2782 3493 nen
2804 3455 2896 3493 ex·

573 3530 711 3591 tant,
733 3526 1074 3595 pronunciare
1096 3525 1307 3578 nonnisi
1326 3530 1520 3578 temere
1541 3538 1839 3596 possumus.
1886 3524 2063 3578 Altera
2084 3526 2139 3578 iu
2162 3525 2451 3578 Annalibus
2473 3525 2771 3579 coniectura
2788 3541 2895 3579 non

491 3603 501 3622 ‘
571 3612 688 3682 plus
710 3611 966 3675 veritatis,
989 3611 1163 3663 minus
1187 3610 1344 3664 etiam
1365 3610 1747 3682 probabilitatis
1767 3608 1939 3665 habet.
1992 3609 2351 3665 Falsissimum
2376 3610 2516 3665 enim
2537 3616 2619 3664 eu
2637 3611 2895 3665 intextam

375 4650 417 4694 p.
434 4641 524 4686 ²5⁹.

571 3694 704 3749 hanc
726 3695 1013 3766 Epiphanio
1035 3696 1280 3750 laciniam
1303 3712 1443 3761 esse,
1468 3712 1585 3749 cum
1611 3712 1781 3765 neque
1804 3695 1868 3749 de
1891 3697 2026 3765 stylo
2042 3696 2159 3766 ipso
2177 3694 2403 3749 dubitari
2419 3695 2613 3766 possit,
2638 3701 2691 3749 et
2708 3697 2895 3767 quibus

571 3780 623 3833 id
647 3782 967 3852 argumentis
990 3780 1228 3846 efficitur,
1251 3782 1387 3835 levia
1409 3781 1539 3847 sint,
1561 3781 1670 3834 imo
1692 3782 1854 3836 nulla.
1925 3778 2270 3852 Epiphanius,
2293 3781 2486 3850 inquit,
2508 3781 2641 3835 libro
2665 3781 2729 3835 de
2750 3783 2897 3837 uen-

572 3868 704 3921 suris
728 3883 788 3921 ac
809 3866 1127 3921 Ponderibus
1151 3867 1303 3938 plane
1327 3867 1583 3920 contraria
1605 3865 1792 3920 docuit.
1860 3865 2053 3920 Scribit
2073 3866 2237 3920 enlm:
2281 3865 2543 3919 Flora-‘m
2568 3866 2839 3937 Odyssea
2860 3887 2894 3921 a

573 3954 869 4023 temporibus
891 3953 1046 4006 Decii
1065 3971 1218 4023 usquc
1241 3955 1316 4005 ad
1341 3953 1544 4004 Gallum
1566 3961 1618 4004 et
1644 3952 1984 4006 Volusenum.
2053 3949 2154 4005 Ubi
2175 3967 2280 4005 vox
2289 3953 2478 4020 floruit
2506 3968 2613 4006 non
2644 3952 2785 4006 idem
2817 3959 2896 4007 eet

572 4053 633 4090 ae
649 4041 799 4103 vixit,
822 4038 912 4090 sed
933 4037 1260 4109 splendorem
1284 4053 1352 4090 ex
1374 4034 1609 4090 doctrina
1631 4037 1924 4107 quaesitum
1946 4036 2221 4108 significat.
2256 4037 2325 4090 At
2344 4037 2392 4090 si
2412 4042 2528 4091 tum
2548 4037 2732 4108 lapsus
2755 4047 2895 4093 esset

573 4122 819 4193 origenes
833 4163 847 4188 ‚
869 4140 974 4177 non
995 4125 1145 4178 illum
1167 4121 1408 4177 floruisse
1431 4122 1622 4176 diceret
1642 4122 1980 4194 Epiphanius.
2020 4121 2212 4176 Verum
2235 4118 2464 4192 ἀκμάζειν
2481 4120 2738 4177 etflorere
2754 4121 2895 4195 apud

573 4206 916 4278 chronologos
937 4208 1068 4261 nihil
1088 4208 1227 4262 aliud
1250 4213 1330 4261 est
1353 4223 1510 4278 quam
1534 4207 1889 4262 commendari
1909 4208 2094 4278 vulgo,
2129 4211 2183 4260 et
2212 4207 2268 4260 iu
2291 4207 2469 4278 aliqua
2488 4214 2702 4280 propter
2722 4208 2895 4263 erudi-

569 4293 763 4346 tionem
792 4299 882 4346 aut
903 4293 1144 4347 virtutem
1177 4293 1403 4347 nominis
1438 4293 1668 4346 claritate
1689 4294 1898 4350 versari.
1965 4293 2111 4347 Hanc
2144 4307 2267 4346 vero
2301 4292 2567 4349 doctrinae
2597 4293 2795 4348 famem
2830 4310 2895 4350 ae

573 4371 896 4447 splendorem
915 4376 1126 4447 Origeni
1141 4395 1308 4448 neque
1325 4377 1464 4448 prior
1485 4378 1577 4432 illa
1599 4377 1918 4432 idololatriae
1940 4378 2118 4448 culpa,
2143 4394 2300 4448 quam
2316 4379 2639 4450 poenitentia
2652 4377 2893 4446 diluent,

574 4462 766 4532 ertpere
783 4462 982 4527 debuit,
1004 4478 1172 4533 neque
1187 4463 1442 4533 posterior
1456 4468 1536 4516 tot
1557 4478 1619 4516 ae
1641 4467 1750 4516 tam
1772 4463 2133 4533 multiplicium
2150 4462 2454 4518 haereseum
2474 4464 2699 4519 infamia
2719 4465 2894 4536 potuit

577 4547 879 4615 opprimere.
949 4547 1143 4600 Deinde
1164 4548 1296 4602 falso
1319 4547 1536 4602 Decium
1557 4564 1653 4620 pro
1676 4546 1869 4601 Severo
1890 4545 1974 4600 hic
1998 4555 2303 4619 usurpatum
2322 4550 2392 4604 ab
2414 4549 2709 4621 Epiphanio
2730 4551 2893 4622 pade

574 4634 694 4684 ante
716 4629 997 4685 docuimus.
1044 4631 1349 4690 Secundum·
1363 4632 1491 4690 haec
1513 4633 1840 4703 Augustinus
1862 4632 2014 4688 nobis
2037 4634 2293 4700 obiicitur,
2316 4636 2408 4705 qui
2428 4649 2551 4689 eum
2573 4634 2637 4689 de
2661 4635 2892 4708 origene
