3185 5219
2404 455 2626 513 xc1x·

258 617 369 677 post
390 606 717 677 baptismum,
744 615 874 676 pura
901 604 1210 670 Februario,
1244 610 1469 676 coeperit
1500 625 1686 660 armum
1709 625 1888 662 xxxvr.
1933 608 2046 663 Iam
2067 625 2188 664 vero
2219 609 2390 665 Lucae
2422 613 2582 666 verba
2631 629 2675 669 ν.
2691 620 2778 661 100·

262 692 469 762 perinde
494 693 687 763 accipit
707 707 767 744 ac
790 692 836 744 si
859 697 997 745 esset
1017 692 1291 763 scriptum:
1317 691 1399 743 καὶ
1422 691 1571 753 αὖτὀς
1597 690 1624 744 ὃ
1649 690 1840 758 Ἰησοῦς
1862 691 2045 765 ἤρχετο
2068 695 2136 746 ὢν
2159 693 2281 747 ἐτῶν
2305 695 2579 767 τριάκοντα,

262 776 385 847 ὑιδς,
410 776 477 839 ὡς
503 776 766 848 ἐνομίζετο.
800 776 903 831 Sed
920 775 1047 830 haec
1065 777 1423 849 Scaligeriana
1439 778 1541 832 loci
1562 779 1702 832 illius
1727 780 2011 849 expositio,
2035 786 2095 833 ut
2110 780 2228 834 hinc
2246 784 2578 854 potissimum

262 863 516 928 exordiar,
543 863 770 917 absurda
792 868 873 916 est
895 869 949 916 et
968 863 1206 918 barbara.
1256 862 1383 927 Quis
1404 864 1545 918 enim
1567 863 1642 917 ita
1667 862 1862 917 Graece
1883 866 2181 935 loquentem
2203 866 2357 921 ferat:
2390 865 2578 934 Ἰησοῦς

261 943 319 1014 ἦν
340 949 410 1000 ὢν
436 945 738 1020 ἐρχόμενος,
770 965 866 1020 pro
882 964 962 1002 ·eo
987 949 1125 1019 quod
1155 954 1259 1002 est:
1293 948 1477 1020 ἤρχετο
1510 947 1595 1001 ὥν.
1653 949 1817 1003 Satin‘
1840 950 2116 1004 ridiculum
2138 967 2200 1004 ac
2222 953 2460 1022 putidum
2483 960 2579 1018 est,

262 1031 360 1104 ἐγώ
383 1032 479 1104 εἶμι
503 1034 572 1085 ὧν
597 1031 894 1105 ἀρχόμενος,
917 1050 1011 1104 pro
1036 1031 1138 1103 ἐγὼ
1157 1029 1390 1106 ἄρχομαι.
1428 1035 1590 1105 Atqui
1605 1033 1737 1089 hanc
1757 1037 1926 1106 ipsam
1942 1037 2418 1106 interpretationem
2437 1046 2580 1092 ante-

260 1120 406 1189 ponit
428 1120 577 1173 alteri
591 1159 605 1184 ,
637 1135 769 1189 quae
800 1120 974 1173 minus
995 1119 1155 1173 habet
1174 1120 1536 1186 absurditatis,
1567 1121 1779 1174 tametsi
1801 1138 1868 1174 ne
1890 1137 1953 1175 ea
1976 1122 2182 1192 quidem
2204 1125 2400 1193 placet3
2433 1125 2582 1194 quasi

260 1203 428 1259 Lucas
450 1205 505 1258 id
523 1206 768 1270 voluerit,
789 1204 973 1275 ἤρχετο
996 1205 1066 1255 ὢν
1089 1202 1347 1275 τριάκοντα
1369 1203 1509 1274 ἐτῶν,
1535 1206 1603 1256 ὢν
1627 1202 1694 1267 ὦς
1718 1204 1979 1276 ἐνομίζετο.
2017 1207 2184 1271 Quare
2205 1210 2371 1262 multo
2395 1216 2474 1262 est
2493 1209 2580 1262 ille

263 1305 447 1344 sensus
471 1291 657 1362 aptior,
681 1296 742 1343 ut
765 1289 832 1342 ὢν
856 1291 923 1343 ad
940 1291 1229 1362 posteriora
1244 1291 1511 1355 referatur,
1537 1290 1810 1362 ἀρχόμενος
1829 1292 1895 1344 ad
1913 1294 2189 1362 superiora.
2226 1287 2325 1345 Ἦν
2346 1291 2373 1345 δ
2392 1292 2581 1360 Ἰησοῦς

260 1376 533 1447 ἀρχόμενος
550 1373 661 1436 ὡςεὶ
682 1373 804 1427 ἐτῶν
827 1375 885 1445 λ,
909 1377 979 1428 ὢν
997 1373 1066 1436 ὡς
1084 1373 1329 1446 ἐνομίζετο
1341 1417 1355 1446 ,
1380 1375 1480 1437 ὑιδς
1498 1381 1595 1429 etc.
1629 1376 1949 1447 Epiphanius
1967 1384 2103 1433 certe
2121 1377 2321 1432 haeresi
2338 1397 2578 1445 nxxvm„

262 1479 403 1515 uum.
422 1480 518 1518 vu.
544 1462 614 1513 ὢν
633 1461 699 1514 ad
717 1459 817 1522 ὖὼς
831 1502 845 1530 ,
868 1478 975 1515 non
994 1461 1060 1514 ad
1079 1458 1349 1532 ἀρχόμενος
1365 1462 1623 1532 pertinere
1642 1462 1839 1528 docuit,
1864 1479 1980 1516 com
2002 1464 2078 1516 ita
2098 1466 2272 1518 locum
2294 1465 2442 1517 illum
2463 1482 2581 1534 pro-

264 1547 403 1600 tulit:
427 1545 505 1599 ὅτι
528 1547 597 1598 ὢν
620 1546 747 1615 δὼς,
772 1544 840 1607 ὡς
862 1544 1109 1617 ἐνομίζετο
1133 1543 1333 1616 Ἰωσήφ.
1390 1546 1686 1611 Quinetiam
1706 1547 1908 1601 haeresi
1932 1567 2079 1615 xxx„
2107 1566 2252 1605 uum.
2278 1568 2423 1605 xm.
2445 1544 2505 1616 ἦν
2530 1550 2582 1602 δὲ

265 1630 453 1698 Ἰησοῦς
478 1630 749 1704 ἀρχόμενος
774 1626 905 1684 εἶναι.
953 1631 1057 1685 Sed
1092 1633 1472 1686 controversiae
1497 1633 1921 1704 quaestionisque
1945 1640 2103 1706 caput
2121 1636 2178 1688 in
2201 1632 2309 1695 ὡςεὶ
2330 1637 2584 1706 particula

262 1719 491 1788 positum
517 1725 620 1783 est,
644 1717 783 1789 quod
805 1724 866 1770 ut
886 1718 1167 1788 plurimum
1190 1714 1483 1788 ἀπορητικόν
1518 1736 1635 1772 esse
1667 1721 1801 1773 solet
1831 1725 1883 1772 et
1906 1719 1968 1772 de
1991 1721 2218 1791 perfecto
2242 1722 2583 1792 absolutoque

268 1805 483 1857 reis-tatu
509 1802 743 1858 nonnihil
767 1801 1005 1858 detrahit.
1041 1804 1151 1857 Hoc
1168 1820 1294 1857 vero
1312 1805 1427 1858 loco
1446 1821 1551 1858 non
1570 1801 1882 1876 ἆπορητικὸν,
1907 1805 1999 1859 sed
2022 1803 2263 1876 ἀληθινὸν,
2289 1822 2350 1859 ac
2371 1823 2584 1878 prorsus

264 1888 636 1943 affirmativum
660 1905 777 1943 esse
799 1888 1034 1958 Scaliger
1058 1895 1111 1942 et
1131 1906 1251 1943 cum
1276 1906 1337 1943 eo
1360 1890 1591 1961 plerique
1616 1892 1862 1946 sentiunt.
1909 1889 2009 1955 Qui
2038 1891 2168 1945 mihi
2192 1893 2297 1944 vim
2327 1909 2584 1963 usumque

264 1976 476 2029 voculae
497 1975 652 2029 istius
673 1991 781 2028 non
805 1975 932 2028 satis
957 1974 1381 2029 animadvertisse
1404 1975 1659 2031 videntur.
1707 1975 1814 2030 Nos
1835 1977 2092 2047 triplicem
2115 1977 2254 2031 illius
2275 1984 2585 2049 potestatem
2635 1965 2644 1970 ’

265 2061 401 2131 apud
416 2060 646 2115 Graecos
671 2060 1077 2115 observavimus.
1113 2060 1288 2114 Prima
1306 2067 1408 2126 est,
1433 2077 1552 2114 cum
1576 2058 1940 2131 ἐνδοιαστικῶς,
1963 2062 2048 2115 vel
2071 2061 2401 2133 ἆπορητικῶς,
2426 2065 2585 2118 sumi·

263 2154 363 2212 tur,
384 2153 446 2200 ut
462 2147 603 2218 apud
618 2146 817 2201 Lucam
839 2163 950 2217 cap.
967 2163 1106 2209 xxn,
1129 2146 1238 2199 41.=
1265 2145 1346 2197 καὶ
1364 2144 1512 2207 αὐτὸς
1531 2143 1816 2213 ἀπεσπάσθη
1836 2144 1920 2199 ἀπ’
1940 2146 2103 2200 αὐτῶν
2121 2144 2230 2209 ὡςεὶ
2248 2148 2386 2200 λίθου
2405 2149 2583 2220 βολήν,

264 2239 316 2285 et
336 2248 451 2304 cap.
470 2252 517 2299 1,
549 2231 639 2286 56:
682 2229 833 2304 ἔμεινε
865 2230 919 2284 sk
940 2228 1143 2301 Μαριὰμ
1167 2231 1254 2283 σὺν
1279 2231 1401 2302 αὐτῇ
1426 2228 1535 2293 ὧςιὶ
1560 2235 1713 2301 μῆνας
1737 2236 1877 2304 τρέῖς.
1925 2233 2163 2287 Secunda
2184 2234 2263 2287 vis
2286 2240 2367 2287 est
2388 2253 2584 2306 συγκρι-

264 2317 397 2388 ταὴ,
429 2319 543 2372 sive
566 2318 934 2389 comparativa.
980 2315 1060 2371 Ita
1080 2316 1203 2372 Luc.
1227 2335 1315 2371 m:
1350 2317 1430 2368 καὶ
1466 2317 1733 2385 καταβῆναι
1767 2316 1823 2369 rb
1859 2322 2047 2388 πνεῦμα
2069 2318 2126 2370 rb
2152 2317 2290 2389 ἅγιον
2314 2325 2584 2390 σωματικῷ

266 2403 374 2456 εῖδει
397 2401 509 2465 ami
532 2401 827 2474 περιστεράν.
883 2401 1191 2473 Quanquam
1225 2401 1349 2456 haec
1381 2404 1636 2473 posterior
1665 2405 1809 2457 notio
1843 2404 1910 2456 ad
1942 2403 2167 2474 priorem
2199 2410 2374 2474 potest
2392 2405 2585 2459 referri.

266 2489 415 2554 Quod
436 2490 578 2543 enim
601 2490 751 2542 alteri
772 2488 940 2542 simile
956 2487 1158 2553 dicitur,
1181 2505 1288 2542 non
1310 2489 1449 2541 idem
1470 2495 1552 2542 est
1575 2490 1804 2545 omnino.
1840 2489 2013 2542 Tertio
2031 2488 2242 2543 demum
2261 2488 2584 2560 αἰτιολογικὸν

266 2581 347 2630 est
366 2572 504 2646 ὦςεὶ,
529 2576 638 2630 sive
660 2575 998 2629 causativum.
1047 2573 1181 2628 Nam
1204 2576 1249 2628 si
1273 2575 1389 2646 quis
1415 2575 1687 2645 diligenter
1709 2574 2006 2640 attenderit,
2029 2575 2258 2629 inveniet
2276 2576 2585 2646 particulam

267 2659 332 2723 ὡς
349 2662 435 2716 vel
452 2658 588 2731 ὡςεὶ,
612 2663 715 2716 nisi
738 2661 992 2715 ambobus
1009 2660 1113 2713 illis
1130 2659 1299 2714 modis
1318 2666 1613 2731 usurpetur,
1638 2676 1877 2715 caussam
1896 2662 2179 2727 continere,
2202 2666 2412 2732 propter
2428 2676 2586 2732 quam

267 2748 317 2801 id
341 2748 483 2818 quod
508 2753 744 2802 narratur
766 2747 1025 2802 acciderit.
1070 2745 1160 2799 Sic
1183 2746 1318 2817 apud
1340 2746 1623 2799 Homerum
1647 2742 1850 2799 Ὀδυσσ.
1879 2746 1926 2813 Ε,
1951 2745 2066 2799 253.

877 2830 1148 2902 Ἐπλίομεν
1172 2831 1326 2902 Βορέῃ
1352 2827 1516 2901 ἀνέμῳ
1541 2828 1734 2901 ἀκραεῖ,
1760 2829 1927 2901 καλῷ,

875 2916 1126 2985 Ῥηϊδίως,
1152 2914 1260 2977 ὦςεί
1282 2933 1333 2968 τε
1357 2915 1482 2968 κατὰ
1505 2914 1637 2986 ῥόον.

265 3007 370 3061 Gur
404 3004 561 3060 facile
594 3005 892 3074 navigaret,
926 3018 1167 3057 caussam
1198 3002 1427 3056 continet
1455 3019 1561 3055 vox
1596 2999 1732 3070 ὡςεὶ,
1765 3001 2000 3056 videlicet
2030 3000 2168 3072 quod
2199 3001 2423 3055 secundo
2456 3002 2587 3057 mari

263 3093 503 3156 ferretur,
532 3090 600 3152 ὡς
623 3088 671 3143 ἐν
694 3090 836 3142 ὕδατι
859 3088 993 3141 κόπτω
1018 3087 1199 3159 ῥέοντι,
1235 3087 1315 3139 καὶ
1340 3087 1398 3139 οὗ
1423 3091 1591 3157 στατῷ
1617 3084 1726 3138 κατ’
1751 3084 1953 3153 ἰσότητα
1975 3084 2272 3157 ἐπιφανείας,
2308 3089 2383 3141 ait
2403 3088 2585 3143 Eusta-

266 3177 426 3233 thius.
478 3176 728 3231 Similiter
760 3176 814 3229 iu
843 3175 1176 3228 illmloannis
1205 3175 1347 3239 loco,
1384 3172 1530 3234 δόξαν
1563 3169 1632 3233 ὧς
1664 3176 1978 3243 μονογενοῦςε
2023 3174 2244 3241 qim-iam
2278 3178 2406 3242 eins,
2441 3180 2590 3245 quasi

264 3267 541 3333 um’yem’ti,
581 3260 846 3333 ἔμφατικδν
885 3266 939 3314 et
977 3258 1301 3330 αἰτιολογικὸν
1343 3265 1426 3312 est
1464 3255 1547 3319 ὡς.
1630 3257 1735 3312 Cur
1769 3259 1907 3312 enim
1941 3263 2088 3311 tanta
2120 3259 2186 3312 sit
2227 3260 2418 3329 gloria,
2464 3277 2585 3316 con·

265 3348 482 3403 ditionis
514 3348 624 3402 eius
659 3364 720 3401 ac
751 3347 993 3417 dignitati
1019 3346 1174 3400 debet
1204 3344 1443 3398 adscribi.
1503 3343 1673 3409 Quare
1705 3343 1840 3398 idem
1875 3350 1957 3397 est
1990 3345 2128 3415 quod
2160 3355 2340 3415 utpote.
2399 3346 2502 3399 Sed
2525 3362 2588 3399 ea

265 3434 586 3506 significatio
608 3433 891 3503 particulae
915 3429 983 3492 ὡς
1004 3434 1178 3502 potius
1212 3447 1369 3501 quam
1401 3427 1509 3491 ὧςιὶ
1543 3431 1800 3484 convenit.
1851 3429 1959 3483 Imo
1973 3470 1987 3495 ,
2017 3436 2078 3482 ut
2106 3431 2163 3483 in
2184 3429 2451 3485 Thesauro
2473 3432 2588 3486 Ste-

266 3519 475 3591 phanus
494 3524 702 3584 monet,
727 3515 836 3578 ὧςεὶ
857 3517 1175 3588 frequentius
1192 3522 1473 3589 usurpatur
1487 3532 1581 3587 pro
1601 3521 1824 3579 circiter,
1835 3520 1978 3585 sere,
2003 3530 2064 3568 ac
2081 3513 2301 3569 fortasse
2318 3532 2588 3587 uunquam

266 3607 429 3672 aliter,
453 3604 758 3676 praesertim
782 3605 836 3657 in
858 3619 1015 3674 prosa
1036 3604 1268 3657 oratione
1292 3603 1530 3656 sumitur.
1577 3600 1724 3655 Unde
1749 3601 1963 3670 colligas
1987 3618 2253 3671 perperam
2285 3602 2494 3656 Ioannis
2527 3604 2587 3656 il-

269 3693 379 3746 lum
404 3694 587 3746 locum
608 3689 674 3742 ad
695 3690 749 3743 id
771 3688 967 3758 afferri,
991 3693 1052 3741 ut
1072 3688 1363 3742 tricesimus
1389 3704 1559 3741 annus
1578 3687 1774 3740 solidus
1798 3703 1858 3739 ac
1881 3687 2168 3756 completus
2191 3687 2436 3757 baptismi
2458 3693 2587 3741 tem·

268 3795 393 3849 pore
416 3777 587 3830 fuisse
608 3776 858 3829 videatur.
902 3774 1134 3827 Primum
1155 3775 1230 3827 ibi
1252 3780 1334 3827 est
1354 3771 1448 3843 ὡς,
1472 3789 1578 3826 non
1603 3769 1739 3840 ὡςεὶ,
1763 3777 1816 3824 et
1838 3770 1976 3842 apud
1998 3772 2329 3842 interpretem
2351 3779 2590 3827 nostrum

269 3868 416 3932 quasi
437 3861 580 3915 idem
603 3867 684 3915 est
705 3877 765 3914 ac
789 3871 1043 3930 tanquam.
1101 3860 1299 3913 Deinde
1330 3856 1671 3927 αίτιολογιιιῶς
1703 3864 1757 3909 et
1784 3854 2058 3927 ἔμφατικῶς
2092 3864 2386 3928 usurpatur.
2433 3858 2502 3910 At
2533 3860 2587 3911 in

269 3949 432 4002 altero
460 3946 549 4001 illo
571 3947 745 4001 Lucae
765 3948 881 4001 loco
905 3943 1015 4006 ὡςεὶ
1038 3943 1337 4014 αἰτιολογίαν
1356 3944 1558 3997 nullam
1591 3949 1684 3995 aut
1714 3938 1918 4012 ἔμφασιν
1941 3941 2120 4007 habet,
2151 3948 2242 3996 aut
2263 3958 2384 3997 vero
2409 3944 2588 3997 simili·

267 4035 523 4090 tudinem.
568 4032 687 4087 Non
710 4038 846 4087 recte
868 4031 1033 4101 igitur
1052 4047 1172 4085 cum
1195 4031 1459 4101 superiore
1480 4027 1757 4081 confertur.

402 4120 487 4174 De
512 4122 744 4172 anniculi
764 4118 975 4173 notione
1000 4116 1139 4186 quod
1160 4115 1405 4186 proponit
1426 4114 1673 4183 Scaliger,
1710 4110 1839 4166 nihil
1866 4113 1932 4166 ad
1955 4128 2065 4166 rem
2087 4111 2227 4166 facit.
2274 4114 2426 4166 Aliud
2451 4114 2590 4167 enim
2640 4133 2682 4174 p.
2703 4126 2789 4166 11⁰.

270 4212 349 4259 est
372 4207 671 4268 anniculus,
705 4202 845 4257 aliud
877 4206 1028 4273 quasi
1048 4203 1341 4264 anniculus,
1376 4200 1437 4252 de
1461 4216 1564 4270 quo
1588 4216 1757 4252 sermo
1780 4199 1931 4252 nobis
1954 4204 2049 4253 est.
2096 4198 2317 4267 Reliqua
2338 4199 2592 4269 Scaligeri

272 4292 509 4345 collectio
536 4290 800 4360 implicata
823 4293 876 4342 et
896 4288 1067 4341 inanis
1092 4293 1187 4340 est.
1247 4285 1381 4340 Nam
1416 4285 1533 4354 quis
1557 4283 1688 4337 haee
1717 4284 2006 4353 intelligat?
2068 4283 2126 4335 Si
2158 4280 2266 4342 ὡςεὶ
2296 4282 2588 4355 ἀπορητιιὼν

272 4378 365 4443 sit,
399 4377 513 4430 dies
538 4380 739 4429 tautum
764 4392 860 4440 xx,
895 4380 987 4427 aut
1016 4373 1081 4426 ad
1115 4386 1379 4427 summum
1407 4384 1640 4424 mensem
1663 4369 1728 4423 ad
1751 4367 2030 4423 rotundum
2053 4367 2277 4420 definisse
2300 4384 2587 4425 numerum.

274 4461 443 4526 Quare
477 4468 539 4516 ut
570 4460 795 4515 Ianuarii
816 4478 886 4516 vr.
920 4460 1210 4530 baptizatus
1244 4457 1425 4521 fuerit,
1457 4455 1732 4509 Februario
1766 4470 1944 4508 mense
1975 4450 2294 4506 tricesimum
2325 4456 2585 4526 implesse.

274 4547 438 4612 Quasi
453 4564 576 4602 vero
602 4546 692 4617 qui
714 4543 822 4607 ὡςεὶ
845 4542 982 4617 apud
1005 4544 1200 4598 Lucam
1225 4540 1530 4615 ἂπορητικῶς
1554 4542 1690 4595 sumi
1705 4542 2005 4603 voluerunt,
2029 4537 2288 4591 Christum
2311 4539 2588 4596 Februario

274 4644 455 4687 mense
478 4640 662 4687 natum
685 4648 800 4686 esse
822 4631 1154 4696 crediderint3
1176 4635 1238 4684 ut
1254 4628 1498 4682 Onufrius
1513 4666 1526 4691 ,
1551 4627 1643 4696 qui
1661 4626 1961 4678 duodecimo
1985 4639 2145 4694 prope
2167 4640 2346 4679 mense
2365 4633 2483 4697 post
2499 4628 2589 4681 ba·-

275 4720 527 4788 ptisrnum
559 4724 792 4773 vertente
821 4718 1037 4789 triginta
1069 4716 1279 4772 demum
1310 4730 1475 4771 annos
1508 4712 1743 4768 evolutos
1776 4710 2052 4767 existimat.
2118 4709 2296 4783 Neque
2331 4728 2452 4765 vero
2481 4708 2594 4771 ὡςεὶ

2107 4814 2189 4868 G.
