3185 5219
2415 397 2566 457 xvn

230 553 281 607 ἐκ
304 554 605 625 Βαβυλῶνος
638 553 738 607 ἀπὶ)
772 556 857 622 τῆς
890 551 1058 606 Ἰούδα
1092 552 1272 623 φυλῆς,
1312 544 1370 619 ἧς
1403 551 1600 623 πρώτης
1634 551 1871 619 ἐλθούσης
1901 550 1968 614 εἰς
1999 550 2204 614 ἐκείνους
2233 553 2347 616 τοὺς
2383 555 2563 618 τόπους

230 641 365 693 αὐτοί
387 659 441 694 τε
477 640 562 693 καὶ
594 640 627 707 ἡ
663 639 810 711 χώρα
840 642 924 707 τῆς
956 637 1286 711 προσηγορίας
1311 637 1487 704 ταύτης
1513 637 1799 709 μετέλαβον.
1853 638 2023 704 Quare
2044 645 2166 711 post
2186 639 2564 711 Babylonicam

228 729 586 798 captivitatem
619 727 931 780 Iudaeorum
953 724 1267 779 vocabulum
1291 724 1531 778 obtinuit.

362 811 456 865 Καὶ
480 812 735 883 pazo-tata
758 811 891 864 οὕτω
915 809 1144 880 κληθείσῃ
1168 810 1321 877 τότε]
1376 809 1537 874 Quasi
1567 809 1701 864 duae
1725 826 1786 863 ac
1820 810 2170 881 discrepantes
2191 812 2565 884 appellationes

226 900 361 952 istae
382 897 508 952 sint.
560 898 835 952 Enimvero
861 912 968 949 uua
989 897 1275 966 eademque
1297 913 1402 950 vox
1427 901 1509 950 est
1529 868 1828 965 himba
1882 896 1988 950 Sed
2010 897 2067 948 τὸ
2093 900 2142 958 n
2167 899 2316 963 olim,
2345 906 2404 952 ut
2428 898 2563 969 apud

225 985 451 1050 Arabes,
482 985 560 1037 ita
582 983 720 1055 apud
740 984 1003 1037 Hebraeos
1026 987 1272 1053 perpetuo
1297 998 1416 1037 cum
1437 980 1620 1053 Raphe
1642 983 2050 1052 pronuntiatum.
2098 982 2283 1038 Graeci
2307 982 2385 1036 διὰ
2407 989 2496 1036 τοῦ
2519 984 2565 1036 Π

226 1076 619 1141 expresserunt.

361 1155 426 1209 N.
448 1174 503 1209 v.
538 1155 632 1208 Καὶ
654 1155 857 1208 Χυδαῖοι
880 1151 1141 1226 ἐγένοντο]
1177 1154 1380 1207 Χυδαῖοι
1398 1152 1498 1208 hoc
1520 1153 1636 1208 loco
1661 1154 1799 1208 idem
1828 1159 1909 1208 est
1929 1160 2085 1225 atque
2109 1156 2425 1209 abundantes
2433 1194 2446 1220 ,
2485 1175 2565 1209 co·
2649 1187 2661 1200 ·

217 1245 605 1312 pioeifuerunt.
648 1239 973 1312 Epiphanius
994 1257 1116 1294 vero
1140 1240 1353 1311 perinde
1376 1238 1476 1293 hoc
1499 1240 1816 1295 vocabulum
1839 1241 2028 1311 accipit
2057 1257 2120 1294 ac
2143 1242 2189 1294 si
2222 1244 2349 1295 viles
2373 1252 2422 1295 et
2453 1260 2567 1295 eon-

226 1336 437 1397 temptes
467 1326 806 1396 significaret.
859 1326 996 1380 Nam
1030 1342 1094 1379 ea
1114 1327 1259 1380 vocis
1295 1331 1377 1379 est
1407 1330 1656 1396 potestas.
1706 1326 1839 1379 Hinc
1874 1325 2198 1397 dactylorum
2232 1342 2401 1397 genus
2436 1327 2573 1399 divis⁴

227 1428 438 1467 sacrum
461 1430 555 1483 per
578 1417 933 1484 contemptum
956 1428 989 1465 a
1009 1412 1214 1465 Iudaeis
1238 1410 1529 1481 chydaeum
1549 1415 1812 1465 vocatum.
1845 1411 2043 1465 Plinius
2066 1413 2157 1467 lib.
2181 1430 2333 1469 xxm.
2359 1429 2473 1484 cap.
2494 1432 2564 1467 ιν.

226 1499 371 1551 Nam
392 1516 516 1568 quos
537 1517 599 1551 ea:
619 1503 690 1550 iis
710 1498 891 1552 honori
913 1500 1117 1551 deorum
1141 1500 1396 1562 dicamus,
1430 1497 1697 1566 chydaeos
1730 1499 2017 1568 appellavit
2043 1499 2272 1563 Iudaea,
2302 1516 2428 1568 qens
2450 1518 2565 1552 con-

226 1586 435 1637 wmetia
460 1587 714 1637 numinum
734 1588 967 1653 ira-siquis.

363 1668 431 1724 N.
455 1688 529 1724 vr.
572 1666 664 1721 Διὰ
697 1668 755 1721 rb
794 1668 1124 1737 διπλοῦσθαι]
1174 1668 1311 1723 Nam
1343 1669 1464 1723 libri
1498 1668 1601 1723 duo
1636 1668 1842 1740 Regum
1874 1669 2102 1741 priores,
2138 1686 2270 1741 quos
2305 1669 2563 1725 Samuelis

225 1762 433 1821 vocant,
455 1757 707 1810 volumen
728 1771 894 1809 unum
917 1756 1256 1821 constituunt,
1277 1756 1508 1826 itemque
1530 1755 1739 1826 Regum
1763 1754 1865 1809 duo
1889 1756 2200 1826 posteriores
2222 1773 2406 1810 unum.
2429 1756 2564 1811 Tum

225 1841 359 1895 liber
380 1840 525 1894 Ruth
546 1856 668 1894 cum
690 1840 925 1894 Indicum
945 1841 1077 1895 libro
1100 1842 1349 1895 volumen
1370 1842 1582 1896 unicum
1603 1842 1746 1895 facit.
1798 1840 1887 1894 Sic
1917 1846 1970 1895 et
1989 1841 2112 1895 libri
2134 1841 2564 1912 Paralipomenon

227 1926 358 1992 duo,
392 1927 716 1997 totidemque
749 1926 967 1992 Esdrae,
1003 1928 1213 1997 singula
1246 1927 1387 1999 apud
1417 1927 1682 1982 Hebraeos
1716 1926 1987 1980 volumina
2019 1927 2238 1982 faciunt.
2295 1928 2375 1982 Ita
2407 1947 2440 1981 v
2475 1945 2566 1981 ex·

227 2013 437 2083 punctis
473 2012 852 2078 voluminibus,
882 2018 1089 2066 constat
1110 2030 1225 2067 1111
1256 2013 1507 2066 librorum
1538 2028 1806 2069 numerus.
1866 2012 1995 2067 Vide
2024 2013 2232 2069 Hieron.
2255 2013 2310 2068 in
2341 2014 2566 2084 Prologo

230 2098 474 2164 Galeato,
500 2097 754 2168 Gyrillum
790 2098 999 2153 Gatech.
1017 2117 1087 2153 ιν.
1106 2098 1299 2154 Euseb.
1324 2098 1415 2154 lib.
1433 2116 1505 2153 vr.
1528 2098 1722 2153 Histor.
1749 2114 1861 2169 cap.
1881 2116 1990 2153 xxx.

362 2183 428 2238 N.
450 2203 545 2238 vn.
579 2183 611 2250 ἦ
635 2201 704 2245 τις
730 2182 864 2255 ψυχὴ
889 2184 981 2237 οὐκ
1005 2183 1301 2254 ἀκούσεται]
1347 2184 1494 2239 Solet
1515 2186 1822 2255 plerumque
1845 2183 2143 2256 Scripturae
2165 2185 2326 2255 ‚verba
2348 2202 2455 2239 non
2476 2186 2566 2239 iis·

229 2269 378 2337 dem,
404 2271 597 2340 quibus
620 2276 874 2342 concepta
895 2276 1041 2335 sunt,
1066 2271 1224 2324 citare
1241 2271 1416 2325 verbis
1431 2310 1445 2336 ,
1468 2270 1562 2323 sed
1581 2270 1898 2336 immutatis,
1921 2275 1983 2324 ut
2002 2269 2232 2324 hocloco
2249 2271 2448 2325 factum
2470 2276 2565 2325 est.

364 2355 747 2426 Βασιλευόμεναι
771 2354 867 2408 ὑπὸ
890 2361 981 2409 τοῦ
1004 2354 1301 2427 Ἱεροβοάμ]
1343 2356 1582 2410 Samaria
1603 2357 1833 2426 regionis
1854 2355 2115 2410 interdum
2136 2373 2328 2411 nomen
2353 2363 2457 2422 est,
2487 2358 2566 2411 in-

229 2443 438 2497 terdum
460 2442 654 2513 oppidi.
704 2441 871 2496 Priori
898 2443 1055 2498 modo
1087 2444 1246 2497 etiam
1277 2447 1399 2496 ante
1429 2443 1692 2496 conditam
1716 2442 2008 2496 Samariam
2031 2448 2311 2513 usurpatur
2332 2461 2412 2497 111.
2433 2443 2565 2513 Reg.

230 2545 341 2600 cap.
360 2546 486 2594 xm,
508 2527 601 2582 32:
625 2528 865 2598 Profecto
887 2532 1018 2581 enaim
1034 2532 1202 2581 veniet
1213 2546 1377 2581 sermo
1388 2568 1403 2593 ,
1428 2546 1567 2599 quem
1577 2514 1851 2599 prdedixit
1863 2532 1920 2580 in
1936 2546 2160 2582 sermone
2178 2532 2370 2582 domini
2386 2537 2568 2583 contra

231 2619 424 2679 altare,
459 2617 594 2686 quad
623 2624 699 2668 eet
722 2620 778 2666 in
803 2614 986 2669 Betae!
1005 2626 1056 2669 et
1076 2625 1257 2669 contra
1280 2620 1451 2668 omnia
1461 2620 1607 2685 sana
1630 2617 1961 2679 excelsorum,
1998 2633 2128 2685 quae
2149 2624 2268 2668 curat
2284 2619 2340 2667 in
2360 2616 2568 2668 urbibus

229 2702 520 2756 Samariae.
590 2700 663 2754 At
694 2716 806 2771 cap.
830 2717 947 2767 11³1,
980 2701 1049 2754 24
1080 2701 1228 2755 Amri
1249 2717 1344 2755 rex
1377 2700 1587 2754 Israelis
1624 2705 1742 2754 emit
1773 2710 1982 2754 montem
2013 2701 2293 2754 Samariae
2327 2721 2362 2752 a
2394 2701 2569 2753 Somer

234 2790 418 2842 duobus
441 2789 652 2840 talentis
675 2791 879 2855 (πρεπῆ
900 2796 950 2839 et
970 2789 1270 2857 aedificavit
1288 2805 1419 2852 eam,
1454 2796 1506 2840 et
1522 2791 1728 2840 vocavit
1749 2805 1924 2840 nomen
1946 2790 2195 2850 civitatis,
2229 2804 2378 2855 quam
2401 2795 2568 2838 extru-

229 2884 402 2937 xerat,
428 2877 625 2926 nomine
647 2872 818 2924 Semer-
841 2874 1031 2925 domini
1050 2877 1231 2925 montis
1251 2872 1565 2926 Samariam.
1622 2872 1776 2943 Apud
1797 2870 2148 2943 Epiphaniam
2170 2886 2297 2941 ergo
2319 2872 2452 2924 ratio
2475 2887 2568 2941 po-

229 2960 410 3023 stulat,
434 2964 497 3012 ut
520 2958 761 3012 Samaria
783 2956 1014 3028 regionis
1035 2947 1238 3029 potius,
1275 2974 1435 3028 quam
1469 2958 1648 3029 oppidi
1667 2958 1984 3012 vocabulum
2018 2957 2102 3010 sit.
2159 2954 2404 3010 Nondum
2428 2957 2568 3010 enim

227 3044 535 3099 Ieroboamo
566 3048 823 3121 regnante
857 3044 1064 3098 condita
1096 3053 1208 3098 erat
1242 3042 1492 3099 Samaria.
1544 3043 1614 3097 Et
1642 3049 1821 3097 tamen
1856 3059 1977 3097 cum
1998 3043 2373 3113 Hierosolymis
2407 3057 2568 3114 oppo-

226 3136 397 3200 natur,
422 3148 521 3202 pro
547 3129 735 3201 oppido
760 3131 899 3183 sumi
919 3130 1137 3183 videtur.
1224 3163 1241 3173 ·

360 3215 562 3277 Ἰωσίας
586 3214 848 3286 Ἰεχονίαν,
874 3215 959 3268 τον
983 3215 1063 3267 καὶ
1087 3214 1324 3286 Σελοόμ.]
1367 3215 1549 3270 Multis
1571 3214 1742 3269 modis
1765 3215 2032 3287 implicata
2055 3221 2108 3269 et
2130 3216 2353 3271 obscura
2375 3219 2456 3268 ost
2476 3230 2569 3286 po·

225 3287 547 3357 stremor'um
562 3302 719 3355 Iudae
735 3317 921 3372 regum
940 3302 1204 3356 successio
1216 3341 1230 3369 ,
1255 3318 1414 3372 quam
1432 3302 1812 3372 impeditiorem
1827 3302 1954 3356 facit
1969 3300 2222 3356 Matthaei
2240 3302 2567 3372 genealogia.

224 3389 334 3443 Nos
366 3395 654 3459 utrumque
687 3388 885 3441 nodum
917 3388 1139 3442 breviter
1171 3387 1271 3441 hoc
1303 3388 1417 3442 loco
1451 3387 1816 3443 dissolvemus.
1869 3387 2032 3441 Iosias
2055 3388 2225 3442 Arnon
2246 3387 2386 3441 filius
2420 3386 2570 3457 regni

224 3473 479 3528 haeredes
502 3473 642 3527 filios
666 3473 851 3527 habuit
873 3475 1086 3528 omnino
1111 3480 1243 3539 tres,
1276 3479 1338 3526 ut
1368 3490 1435 3526 ex
1469 3474 1558 3527 lib.
1576 3491 1649 3529 ιν.
1671 3473 1804 3544 Reg.
1830 3478 2050 3528 constat.
2102 3471 2308 3526 Primus
2335 3478 2454 3543 post
2474 3489 2570 3543 pa-

227 3562 391 3616 rentis
422 3565 652 3614 mortem
684 3560 926 3631 regnavit
955 3558 1173 3614 Ioachaz
1204 3560 1473 3613 mensibus
1506 3559 1698 3612 tribus:
1733 3577 1804 3613 ιτ.
1827 3557 1960 3628 Reg.
1986 3558 2068 3623 23,
2090 3557 2173 3623 30,
2209 3559 2302 3629 qui
2322 3563 2377 3610 et
2395 3557 2571 3612 lecho-

226 3648 345 3700 nias
368 3649 427 3700 in
452 3645 749 3718 apocrypho
770 3646 967 3700 Esdrae
989 3646 1123 3699 libro
1145 3645 1298 3699 tertio
1325 3643 1526 3711 dicitur,
1558 3661 1675 3716 cap.
1701 3663 1747 3709 1,
1771 3643 1856 3699 34.
1910 3643 2185 3714 Per-peram
2209 3645 2349 3697 enim
2369 3644 2570 3698 Maido-

228 3739 385 3786 natus
408 3737 592 3786 noster
612 3732 667 3785 id
688 3732 756 3786 ad
777 3732 972 3785 Ioacim
995 3730 1425 3785 accommodavit.
1480 3729 1754 3784 Secundus
1784 3734 1866 3782 est
1887 3729 2114 3795 Ioakim‚
2148 3729 2239 3799 qui
2271 3734 2325 3782 et
2353 3730 2571 3783 Eliacim

228 3824 449 3873 vocatus
474 3823 582 3885 est,
606 3818 696 3872 lib.
716 3836 787 3872 tv.
810 3817 943 3888 Reg.
967 3833 1080 3888 cap.
1102 3835 1255 3882 xxm,
1280 3816 1364 3881 34,
1390 3816 1480 3887 qui
1503 3831 1671 3869 annos
1693 3816 1936 3884 regnavit
1952 3833 2026 3870 ιι.
2062 3815 2268 3868 Tertius
2290 3815 2390 3868 fuit
2413 3813 2570 3867 Sede·

229 3906 357 3968 cias,
392 3909 518 3958 ante
553 3919 710 3974 quem
734 3902 946 3957 Ioachiu
979 3903 1090 3956 sive
1112 3902 1378 3956 lechonias
1401 3901 1616 3955 Ioacimi
1637 3900 1968 3960 filiastribus
1985 3901 2254 3954 mensibus
2271 3900 2568 3969 imperavit:

232 4006 346 4061 cap.
369 4008 517 4055 xxxv,
546 3989 625 4043 17.
683 3988 753 4043 At
772 4008 810 4045 1.
833 3988 1002 4042 Paral.
1026 4004 1139 4059 cap.
1164 4006 1252 4052 111,
1279 3987 1342 4041 15
1373 3987 1542 4040 Iosiae
1564 3985 1664 4039 filii
1684 3987 2022 4040 nominantur
2044 3991 2289 4057 quatuor:
2322 3982 2568 4047 Iohsnau,

232 4075 458 4142 Ioakim‚
491 4075 763 4140 Sedecias,
798 4080 851 4128 et
880 4074 1099 4129 Sellum.
1164 4073 1298 4126 Cum
1331 4073 1415 4126 bic
1454 4073 1622 4126 multa
1654 4074 1721 4128 ab
1753 4072 2119 4143 interpretibus
2153 4077 2207 4124 et
2240 4069 2570 4139 chronologis

232 4161 533 4226 afferantur,
555 4160 730 4233 placet
743 4161 1097 4215 Hebraeorum
1115 4159 1389 4224 sententia,
1407 4159 1770 4229 imprimisque
1785 4159 1934 4211 Aben
1949 4157 2143 4212 Hesrae
2160 4158 2217 4209 in
2237 4173 2268 4209 ι.
2288 4171 2401 4226 cap.
2421 4155 2570 4219 Dan„

230 4248 293 4301 R.
316 4247 445 4302 Levi
469 4249 573 4300 ben
600 4246 803 4301 Gerson
835 4252 887 4300 et
907 4246 971 4300 R.
993 4245 1164 4299 David
1185 4244 1252 4299 ad
1274 4244 1363 4298 lib.
1388 4262 1458 4298 ιτ.
1491 4244 1626 4313 Reg.
1652 4260 1765 4315 cap.
1790 4262 1953 4308 xxm,
1986 4241 2186 4295 Sellum
2209 4240 2431 4294 eundem
2455 4256 2571 4293 esse

233 4351 350 4388 cum
374 4331 621 4398 Ioachaz,
657 4333 750 4403 qui
780 4338 1055 4405 paternum
1082 4331 1361 4401 imperium
1391 4330 1633 4401 populari
1661 4329 1913 4393 factione,
1946 4344 2054 4381 non
2083 4327 2196 4380 iure
2228 4326 2571 4380 successionis

234 4421 484 4485 obtinuit,
523 4417 663 4489 quod
695 4425 747 4472 et
769 4419 1037 4489 Scriptura
1068 4433 1183 4488 cap.
1208 4433 1344 4472 xxm
1359 4455 1373 4480 ,
1404 4414 1489 4469 30.
1514 4415 1742 4469 declarat
1763 4411 1844 4467 his
1868 4413 2065 4466 verbis:
2110 4412 2158 4462 T
2151 4412 2339 4481 alitque
2353 4414 2573 4482 populus

236 4517 406 4560 terrae
439 4506 675 4559 Ioacbaz
691 4506 858 4574 filiam
888 4506 1089 4559 Iasiae.-
1136 4511 1186 4555 et
1221 4512 1470 4555 unxerunt
1506 4519 1611 4555 eum
1654 4511 1704 4555 et
1742 4503 2106 4553 constituerunt
2135 4515 2242 4551 eum
2276 4516 2443 4567 reyem
2468 4516 2571 4568 pro

233 4602 384 4662 patre
404 4611 513 4645 suo.
552 4592 686 4646 Nam
708 4591 755 4645 si
779 4591 963 4645 aetatis
986 4590 1220 4644 ordinem
1243 4595 1447 4661 spectes
1460 4628 1473 4653 ,
1496 4593 1618 4659 post
1633 4586 1908 4651 Iohanam,
1933 4584 2026 4655 qui
2047 4590 2169 4638 ante
2189 4584 2353 4654 patris
2371 4583 2572 4637 obitum

237 4683 537 4751 praereptus
566 4678 797 4744 videtur,
827 4677 1094 4735 maximus
1126 4680 1255 4731 natu
1288 4675 1389 4731 fuit
1416 4674 1612 4730 Ioacim
1641 4674 1753 4729 sive
1784 4671 2016 4727 Eliacim.
2065 4668 2215 4735 Quod
2247 4676 2304 4726 et
2321 4668 2573 4739 losephus

310 4782 440 4836 Corp.
456 4782 712 4826 Haereseol.
727 4782 807 4823 111.
2119 4756 2167 4810 B
