3185 5219
555 386 854 444 chxxn

553 545 647 598 ubi
677 543 815 596 diem
844 541 1041 595 festum
1074 540 1381 596 Indaeorum
1412 542 1675 606 nominat;
1710 556 1937 611 quocum
1971 541 2194 594 alterum
2224 541 2408 610 capitis
2432 559 2501 596 vr.
2537 556 2670 595 com.
2689 539 2741 595 4.
2768 554 2889 594 con·

553 629 749 695 fundit,
775 634 894 682 ante
919 628 1057 699 quod
1079 628 1540 698 multiplicaturum
1563 642 1760 697 panum
1778 626 2076 697 prodigium
2100 625 2298 680 accidit.
2320 620 2427 680 ‘His
2452 626 2655 680 duobus
2680 627 2893 679 subiicit

555 716 613 767 rb
640 714 999 784 σταυρώσιμον.
1069 713 1231 766 Miror
1254 712 1393 766 hunc
1413 712 1612 766 irenaei
1633 713 1807 766 locum
1831 729 1938 765 non
1963 712 2091 764 satis
2116 710 2452 783 expendisse,
2484 713 2573 782 qui
2602 711 2892 765 secundum

554 799 753 873 pascha
776 818 845 853 ex
866 800 1006 852 illius
1033 801 1308 852 autoritate
1333 800 1657 852 constituunt
1678 797 1817 851 istud
1840 799 2043 869 ipsum,
2076 805 2137 850 de
2171 814 2274 868 quo
2299 797 2477 851 Ioann.
2501 813 2614 868 cap.
2634 816 2683 849 v.
2732 798 2812 851 Ita
2836 802 2893 850 ut

555 888 767 940 tertium
790 887 858 937 sit
882 886 1029 937 cuius
1052 884 1230 938 Ioann.
1248 903 1318 939 vr.
1343 885 1540 937 mentio
1569 883 1648 938 fit.
1720 884 1925 936 Etenim
1959 884 2006 936 si
2039 882 2141 936 duo
2171 883 2301 936 haec
2332 883 2469 936 festa
2500 884 2743 936 distincta
2776 899 2923 936 esse-

557 972 859 1025 credidisset
879 972 1150 1035 Irenaeus,
1184 988 1306 1023 cum
1335 971 1527 1041 triplex
1556 969 1814 1023 duntaxat
1835 967 2028 1038 pascha
2050 968 2422 1039 praedicationi
2452 969 2724 1035 tribueret,
2758 986 2893 1022 nun·

556 1076 714 1129 quam
736 1059 880 1128 prius
904 1056 1032 1110 illud
1055 1057 1247 1109 festum
1272 1056 1452 1109 Ioann.
1473 1075 1520 1110 v.
1545 1053 1741 1125 pascha
1765 1072 1879 1107 esse
1903 1054 2136 1108 dixisset.
2208 1055 2311 1107 Sed
2339 1056 2537 1124 largius
2568 1060 2751 1127 peccat
2771 1055 2894 1125 Epi-

554 1144 777 1217 phanius
793 1185 806 1208 ,
833 1144 922 1214 qui
945 1160 1092 1196 num.
1111 1160 1233 1195 xxv.
1255 1142 1484 1212 primum
1505 1140 1701 1212 pascha
1723 1140 1915 1193 festum
1938 1139 2065 1193 illud
2087 1140 2238 1205 facit,
2266 1140 2320 1192 in
2347 1157 2450 1211 quo
2476 1140 2788 1194 vociferatus
2815 1148 2897 1195 est

556 1230 815 1294 Christus,
838 1234 886 1281 si
901 1232 1013 1299 quis
1029 1232 1138 1280 sitit
1158 1231 1334 1280 veniat
1355 1229 1430 1279 ad
1451 1245 1525 1278 me
1550 1236 1600 1277 et
1621 1228 1775 1280 bibat.
1810 1224 1989 1278 Ioann.
2010 1244 2101 1291 vn,
2126 1225 2207 1278 37.
2273 1227 2505 1279 Alterum
2530 1243 2677 1292 vero,
2700 1227 2764 1280 de
2787 1244 2892 1298 quo

501 1309 508 1315 ’
553 1318 609 1370 in
634 1316 815 1369 eodem
838 1331 951 1386 cap.
978 1314 1134 1378 dixit,
1169 1332 1264 1363 non
1288 1315 1507 1365 ascendo
1533 1314 1609 1363 acl
1630 1314 1759 1364 diem
1770 1315 1959 1380 festum
1983 1315 2149 1365 istum.
2218 1310 2277 1363 In
2306 1327 2409 1381 quo
2435 1312 2593 1365 etiam
2617 1330 2738 1366 cum
2759 1313 2893 1366 Pha-

554 1403 710 1455 risaei
734 1398 1168 1471 comprehendere
1190 1399 1339 1451 illum
1364 1401 1639 1468 cuperent,
1675 1403 1817 1450 metu
1840 1397 2063 1466 repressi
2088 1402 2238 1461 sunt,
2273 1412 2404 1450 com.
2424 1398 2507 1451 44.
2579 1399 2748 1452 Multa
2771 1404 2897 1453 sunt

555 1504 588 1539 a
612 1487 956 1539 sanctissimis
981 1486 1216 1556 patribus
1252 1500 1628 1552 nonnunquam
1662 1500 1848 1553 parum
1871 1499 1991 1535 vere
2027 1487 2325 1552 attenteque
2359 1483 2577 1553 scripta;
2613 1501 2746 1553 quae
2779 1487 2895 1556 qui·

557 1573 674 1625 dem
696 1578 959 1642 praestare
982 1572 1139 1634 velle,
1173 1570 1404 1639 religiosi
1426 1568 1675 1632 fortasse,
1712 1568 1802 1621 sed
1835 1584 2019 1639 parum
2052 1568 2319 1638 prudentis
2345 1586 2457 1622 esse
2483 1570 2718 1635 arbitror,
2741 1570 2894 1625 vehe-

554 1659 782 1711 mentius
807 1664 983 1710 antem
1008 1671 1280 1719 accusare,
1305 1672 1474 1724 neque
1497 1654 1730 1723 religiosi
1753 1670 1921 1724 neque
1945 1653 2227 1724 prudentis.
2294 1652 2402 1706 Nos
2429 1671 2515 1719 ea,
2551 1672 2655 1724 qua
2677 1673 2772 1725 par
2798 1663 2893 1724 est,

555 1744 910 1796 moderatione
934 1742 988 1794 in
1014 1741 1308 1794 divinorum
1330 1740 1626 1805 hominum,
1660 1740 1749 1792 sed
1774 1738 2071 1799 hominum,
2108 1755 2306 1792 errores
2343 1756 2401 1791 ac
2436 1742 2614 1810 lapsus
2647 1758 2755 1795 non
2783 1749 2894 1796 tam

555 1829 889 1898 inquirimus,
926 1842 1084 1896 quam
1117 1828 1316 1881 oblatos
1341 1827 1474 1879 ultro
1518 1842 1578 1877 ac
1614 1825 1696 1877 vel
1727 1825 1903 1878 invitis
1940 1828 2294 1889 occurrenteS,
2340 1842 2407 1877 ne
2448 1825 2530 1878 cui
2564 1825 2737 1879 fraudi
2768 1829 2892 1893 sint,

554 1914 924 1985 patefacimus,
960 1913 1093 1965 tueri
1126 1919 1300 1965 autem
1334 1928 1394 1965 ac
1426 1910 1701 1964 defendere
1734 1909 1896 1963 nihilo
1919 1910 2092 1979 magis
2118 1926 2275 1979 quam
2300 1927 2478 1964 eorum
2504 1912 2653 1977 vitia,
2688 1914 2894 1985 siquae

556 1998 746 2052 suerint
761 2039 775 2063 ,
799 1999 990 2051 imitari
1014 1998 1278 2051 debemus.
1316 1997 1584 2050 Eiusmodi
1609 2002 1730 2049 sunt
1752 1996 1807 2048 in
1828 1996 1927 2049 hoc
1952 1996 2200 2066 scriptore
2224 2002 2404 2049 nostro
2426 1996 2650 2050 sortasse
2674 2000 2895 2054 nimium

557 2086 736 2138 multa.
762 2084 864 2137 Sed
883 2084 1015 2137 inter
1034 2100 1096 2136 ea
1115 2082 1242 2136 nihil
1260 2084 1432 2136 minus
1453 2081 1885 2135 dissimulandum
1906 2087 1986 2133 est
2004 2098 2159 2151 quam
2178 2082 2269 2133 illa
2285 2080 2593 2152 paschatum
2608 2082 2893 2139 distinctio.

554 2172 786 2225 Primum
818 2171 958 2223 enim
992 2170 1092 2223 duo
1127 2171 1239 2234 illa,
1273 2186 1405 2239 quae
1431 2184 1542 2238 cap.
1565 2187 1655 2222 vn.
1683 2184 1714 2221 a
1751 2166 1953 2221 Christo
1989 2169 2333 2238 pronunciata
2368 2167 2621 2234 dicuntur,
2655 2169 2721 2222 ad
2755 2168 2892 2225 idem

555 2257 746 2310 festum
771 2256 1005 2308 attinent.
1063 2255 1263 2308 Deinde
1293 2272 1399 2307 non
1433 2254 1561 2307 illud
1597 2252 1793 2324 pascha
1820 2252 2008 2318 fuisse,
2045 2253 2134 2306 sed
2159 2255 2505 2324 scenopegiae
2527 2253 2720 2308 festum
2745 2255 2897 2311 docet

557 2360 691 2399 com.
712 2342 760 2397 2.
795 2342 969 2394 Tertio
993 2347 1322 2411 praepostere
1344 2340 1472 2392 haec
1495 2339 1818 2410 Epiphanius
1843 2340 2056 2409 accepit.
2103 2337 2238 2391 Nam
2264 2354 2395 2409 quae
2419 2340 2585 2409 primo
2609 2341 2727 2395 loco
2753 2342 2894 2395 dicta

555 2432 836 2492 memorat,
869 2433 1093 2480 exeunte
1124 2427 1285 2491 festo,
1317 2443 1449 2497 quae
1473 2424 1761 2496 posteriora
1784 2425 1952 2496 ponit,
1988 2429 2107 2477 ante
2138 2423 2333 2477 festum
2355 2432 2606 2497 usurpata
2625 2427 2892 2499 leguntur.

557 2513 752 2567 Omitto
776 2517 1003 2577 caetera3
1026 2529 1120 2566 neo
1144 2513 1284 2565 enim
1305 2512 1590 2565 falsitatem
1614 2512 1758 2564 illam
1782 2511 2071 2563 accuratius
2095 2510 2221 2563 libet
2243 2512 2500 2582 persequi.

693 2598 948 2664 Quocirca
970 2599 1122 2653 nobis
1146 2599 1248 2652 alia
1272 2597 1491 2652 duorum
1513 2595 1820 2669 paschatum
1841 2595 2241 2650 ordinandorum
2260 2596 2485 2651 ineunda
2503 2597 2634 2650 ratio
2656 2604 2752 2652 est.
2789 2598 2897 2655 Sed

555 2686 700 2756 prius
724 2689 881 2756 caput
911 2685 1088 2756 ipsum
1120 2684 1440 2754 quaestionis
1472 2683 1805 2748 intuendum,
1839 2683 1978 2736 unde
2013 2683 2182 2754 quarti
2216 2682 2478 2753 paschatis
2511 2683 2900 2739 firmamentum

556 2773 764 2843 petitur.
814 2769 970 2835 Cum,
1005 2777 1064 2824 ut-
1086 2778 1207 2824 ante
1232 2771 1484 2835 diximus,
1509 2769 1730 2823 Ioannes
1756 2771 1990 2823 exactius
2016 2768 2232 2822 caeteris
2254 2769 2420 2821 tribus
2444 2767 2693 2839 paschata
2715 2769 2900 2825 distin-

555 2857 694 2910 xerit
717 2873 783 2910 ex
808 2857 921 2910 eius
944 2858 1278 2928 potissimum
1303 2856 1578 2909 autoritate
1603 2855 1885 2926 digerenda
1908 2862 2030 2908 sunt
2052 2861 2301 2926 tempora.
2350 2854 2518 2918 Quare
2553 2852 2597 2907 si
2631 2856 2674 2908 is
2712 2871 2829 2927 cap.
2850 2876 2899 2911 v.

551 2944 674 3000 festi
706 2944 915 2996 nomine
947 2941 1143 3013 pascha
1175 2941 1511 3012 significarit,
1554 2941 1616 2994 de
1657 2961 1711 2997 ιν
1746 2947 1805 2995 ut
1844 2942 2121 2995 minimum
2162 2938 2498 3011 paschatibus
2542 2941 2780 2994 confecta
2814 2959 2900 2996 res

557 3028 679 3099 erit3
714 3009 971 3097 siquidem
999 3045 1119 3080 cum
1141 3026 1390 3098 paschate
1414 3044 1525 3098 cap.
1543 3047 1614 3082 vr.
1641 3043 1775 3081 com.
1795 3026 1843 3081 3.
1868 3028 2082 3081 minime
2107 3025 2468 3080 confundatur.
2511 3026 2591 3080 Ad
2615 3025 2741 3082 haee
2768 3044 2899 3098 quo·

556 3113 700 3167 niam
732 3112 1030 3183 prodigium
1063 3113 1216 3177 illud,
1250 3129 1351 3183 quo
1377 3131 1408 3162 v
1431 3112 1705 3166 hominum
1738 3113 1901 3167 millia
1932 3113 2157 3182 panibus
2182 3131 2213 3164 v
2240 3117 2291 3165 et
2314 3111 2516 3166 duobus
2547 3113 2779 3183 piscibus
2818 3131 2901 3167 sa-

558 3198 776 3263 turavit,
808 3198 947 3250 idem
972 3199 1184 3250 omnino
1210 3205 1311 3262 est,
1352 3197 1489 3267 quod
1514 3205 1564 3250 et
1587 3197 1772 3252 Matth.
1799 3215 1909 3269 cap.
1930 3217 2035 3252 nv.
2064 3205 2117 3251 et
2148 3198 2308 3254 Marc.
2335 3216 2405 3254 vr.
2439 3207 2492 3251 et
2512 3197 2684 3251 Lucae
2709 3216 2786 3255 rx.
2815 3200 2902 3253 de·

561 3283 817 3347 scribitur,
841 3299 1056 3335 necesse
1080 3287 1160 3335 est
1182 3282 1374 3352 pascha
1399 3282 1548 3347 illud,
1573 3290 1696 3336 ante
1722 3282 1861 3354 quod
1884 3285 2220 3349 miraculum,
2244 3283 2437 3337 Ioanne
2462 3289 2618 3349 teste,
2655 3286 2899 3355 contigit,

562 3367 823 3420 diversum
847 3367 914 3419 ab
939 3384 1000 3421 eo
1026 3383 1140 3420 esse
1166 3368 1302 3437 quod
1325 3368 1482 3420 tacite
1518 3384 1549 3421 a
1579 3369 1746 3421 tribus
1779 3370 1881 3422 illis
1915 3368 2249 3439 evangelistis
2285 3369 2608 3440 exprimitur,
2645 3386 2765 3423 cum
2802 3371 2904 3424 sci-

557 3454 680 3507 licet
699 3451 931 3506 Christus
954 3470 1047 3523 per
1070 3460 1184 3506 sata
1208 3469 1327 3505 cum
1352 3454 1619 3524 discipulis
1645 3455 1954 3520 ambulavit3
1980 3455 2115 3525 quod
2140 3455 2317 3525 utique
2340 3461 2460 3526 post
2479 3454 2678 3527 pascha
2701 3456 2903 3510 factum

562 3544 668 3604 est,
695 3538 791 3591 hoc
816 3545 896 3592 est
919 3539 1137 3592 sabbato
1163 3539 1542 3610 deuteroproto.
1584 3541 1751 3611 Igitur
1776 3541 1820 3592 si
1843 3541 1941 3593 iter
1962 3541 2089 3593 illud
2113 3538 2205 3611 per
2229 3549 2432 3611 segetes
2457 3546 2758 3610 susceptum
2782 3547 2908 3613 post

561 3624 700 3678 aliud
720 3623 942 3696 pascha,
978 3641 1136 3694 quam
1163 3624 1299 3695 quod
1324 3642 1355 3677 a
1379 3625 1640 3695 baptismo
1666 3627 1964 3696 proximum
1988 3632 2088 3692 est,
2122 3626 2322 3691 incidit,
2356 3626 2537 3697 procul
2562 3625 2721 3680 dubio
2746 3627 2905 3698 plura

561 3711 726 3764 tribus
749 3710 1000 3781 paschata
1025 3712 1384 3772 constituenda
1408 3716 1544 3765 sunt.
1617 3711 1709 3764 Sin
1737 3712 2000 3764 conciliari
2022 3712 2123 3765 ista
2158 3718 2400 3784 possunt,
2435 3719 2493 3765 ut
2524 3728 2697 3782 neque
2729 3712 2901 3766 festus

559 3798 647 3850 ille
672 3796 780 3848 dies
802 3797 984 3851 Ioann.
1006 3816 1054 3849 v.
1079 3795 1272 3866 pascha
1297 3799 1390 3862 sit,
1427 3803 1478 3849 et
1506 3798 1784 3850 sabbatum
1808 3797 2229 3870 deuteroproton,
2266 3797 2326 3851 de
2352 3815 2455 3867 quo
2478 3797 2649 3851 Lucas
2676 3813 2791 3868 cap.
2811 3817 2902 3864 vn,

560 3884 738 3936 statim
762 3888 880 3953 post
902 3883 1128 3953 primum
1153 3881 1349 3952 pascha
1371 3884 1703 3948 successerit,
1733 3881 1860 3935 nihil
1886 3885 2097 3937 omnino
2123 3882 2184 3936 de
2209 3902 2262 3937 iv
2286 3882 2591 3954 paschatum
2625 3884 2903 3938 intervallo

561 3968 749 4022 confici
771 3973 961 4038 potest.
1003 3966 1138 4020 Nam
1164 3968 1302 4038 quod
1327 3967 1390 4020 ad
1414 3968 1608 4021 festum
1633 3968 1767 4021 diem
1792 3988 1840 4022 v.
1858 3967 2038 4022 loann.
2063 3985 2175 4040 cap.
2199 3974 2423 4040 spectat,
2447 3970 2599 4022 multi
2622 3976 2674 4022 et
2696 3970 2903 4040 gravis-

560 4054 679 4109 simi
703 4061 876 4124 patres
902 4059 1096 4123 negant
1120 4053 1181 4106 de
1205 4052 1451 4123 paschate
1476 4055 1709 4107 locutum
1732 4053 2005 4121 Ioannem,
2030 4055 2118 4107 sed
2143 4055 2232 4107 alii
2254 4062 2587 4125 pentecosten
2604 4096 2617 4120 ,
2641 4056 2734 4108 alii
2758 4055 2902 4109 aliud

560 4141 752 4194 festum
777 4140 1089 4210 intelligunt.
1137 4138 1288 4203 Quod
1309 4149 1482 4192 autem
1507 4139 1707 4193 Irenaei
1729 4140 2084 4193 testimonium
2107 4139 2334 4204 affertur,
2357 4142 2463 4193 iam
2487 4157 2518 4192 a
2542 4140 2693 4193 nobis
2719 4147 2903 4196 contra

560 4227 698 4280 illius
725 4227 1053 4279 autoritatem
1077 4225 1452 4295 praescriptum
1477 4231 1582 4291 est,
1610 4225 1745 4295 quod
1771 4225 1814 4277 is
1839 4227 2038 4279 nullum
2060 4224 2198 4278 aliud
2216 4224 2411 4295 pascha
2428 4226 2713 4279 secundum
2735 4244 2901 4298 agno·

560 4314 692 4364 verit
718 4329 875 4383 quam
900 4311 1039 4382 quod
1064 4330 1133 4364 vr.
1160 4313 1326 4382 capite
1352 4317 1809 4373 commemoratur;
1844 4327 2065 4381 quocum
2091 4310 2283 4364 festum
2310 4312 2459 4364 illum
2482 4311 2621 4364 diem
2642 4311 2826 4368 Ioann.
2848 4333 2897 4368 v.

563 4397 865 4453 confuderit.
905 4396 1074 4461 Quare
1092 4395 1190 4449 hoc
1209 4398 1381 4468 ipsum
1399 4397 1502 4449 illis
1523 4396 1739 4468 pascha,
1766 4396 1903 4466 quod
1922 4396 2097 4449 Ioann.
2112 4416 2157 4449 v.
2179 4397 2386 4467 legitur,
2411 4397 2563 4450 facile
2587 4399 2898 4465 remiserim,

564 4480 688 4533 dum
713 4499 778 4534 ex
803 4482 1002 4535 Irenaei
1026 4484 1281 4536 sententia
1305 4499 1635 4554 nequaquam
1662 4499 1694 4535 a
1716 4482 1996 4552 posteriore
2022 4483 2346 4548 discernant;
2370 4499 2539 4552 neque
2561 4482 2716 4553 plura
2739 4501 2901 4554 quam

563 4565 652 4617 illa
675 4563 919 4634 paschata
944 4566 1143 4621 Christo
1170 4569 1414 4623 tribuant.
1463 4570 1671 4622 Atenim
1709 4568 1807 4621 tria
1839 4573 2042 4621 tantum
2076 4573 2222 4621 erant
2254 4569 2390 4621 festa
2415 4569 2603 4638 quibus
2627 4568 2819 4621 sistere
2845 4588 2900 4623 se

562 4649 935 4718 Hierosolymis
973 4654 1224 4721 oportuit,
1256 4652 1471 4723 pascha,
1504 4660 1805 4725 pentecoste
1838 4660 1889 4708 et
1918 4655 2244 4726 scenopegia.
2315 4654 2445 4708 Cum
2479 4669 2603 4723 ergo
2636 4669 2809 4707 unum
2834 4672 2901 4710 ex
