3185 5219
616 364 797 423 XXIV

616 520 751 591 παρὰ
778 522 894 584 τοὺς
926 518 1199 597 Ἐβραίους.
1266 522 1403 579 Nam
1435 528 1492 577 et
1516 523 1878 579 Damascenus
1912 524 2047 579 libro
2071 524 2136 580 de
2158 524 2497 590 Haeresibus,
2527 524 2621 596 q‘ui
2655 524 2786 579 nihil
2807 525 2949 582 aliud

617 614 697 663 est
720 623 881 678 quam
902 608 1181 681 Epiphanii
1202 608 1677 680 Anacephalaeosis
1690 650 1705 676 ,
1727 611 1909 681 paucis
1934 611 2192 681 ademptis
2213 616 2306 663 aut
2326 612 2640 676 immutatis,
2673 612 2750 664 ita
2779 618 2842 664 nt
2862 629 2949 666 su-

441 713 486 754 p.
501 699 578 785 Ἀ,
613 710 711 766 pra
731 696 1128 766 proposuimus,
1152 696 1452 765 exscripsit3
1474 696 1600 748 licet
1620 696 1832 761 vitiose,
1865 699 1926 748 ut
1947 697 2274 759 monuimus,
2301 697 2565 750 Iobus-saei
2585 714 2679 767 pro
2705 697 2948 751 Sebuaeie

613 782 871 850 legantur.
928 782 1277 845 Quamobrem
1316 781 1457 851 quod
1493 781 1812 835 Essenoram
1847 781 2147 835 institutum
2183 782 2343 836 fuerit
2380 796 2449 835 ex
2482 799 2545 837 eo
2574 782 2690 837 loco
2725 790 2946 849 constat,

614 883 802 938 nempe
835 872 894 922 ut
914 884 971 921 se
992 868 1049 922 in
1079 872 1359 937 utramque
1389 871 1589 938 partem
1615 873 1879 921 versantes
1904 868 1970 920 ad
1994 868 2270 921 amborum
2291 884 2463 921 mores
2497 869 2946 923 consuetudinem·

617 968 718 1023 que
740 952 1011 1023 fingerent.
1080 952 1201 1006 Ideo
1228 952 1521 1006 Gorthenos
1546 953 1688 1006 solos
1713 968 1774 1006 ac
1797 952 2074 1007 Dosithees
2107 969 2228 1006 cnm
2251 953 2509 1007 Sebuaeis
2542 955 2831 1008 simultates
2855 971 2946 1008 ex-

615 1054 785 1093 ercere
807 1039 956 1095 dixit.
1024 1038 1222 1103 Quibus
1247 1038 1622 1092 animadversis
1645 1040 1720 1092 ita
1741 1040 1887 1091 locus
1920 1040 2021 1092 iste
2044 1039 2446 1093 conformandus
2470 1038 2596 1092 mihi
2619 1040 2844 1092 videtur:
2871 1038 2944 1093 Οὖ

616 1123 710 1195 μὴν
744 1122 1030 1191 ἐπείσθησαν
1054 1127 1157 1186 τοῖς
1180 1123 1459 1193 Σεβουαίοις
1482 1123 1746 1194 Γορθηνοὶ,
1771 1123 1853 1175 καὶ
1877 1122 1924 1176 οἱ
1947 1121 2109 1180 ἄλλοι.
2150 1122 2380 1191 Ἐσσηνοὶ
2405 1124 2458 1176 δὲ
2481 1123 2628 1195 ἐγγὺς
2652 1127 2752 1176 τῶν
2777 1121 2945 1177 ἄλλων

614 1212 858 1282 γινόμενοι
878 1209 941 1263 τὰ
956 1209 1043 1262 ἰ’σα
1073 1208 1266 1270 ἐκείνοις
1288 1207 1599 1279 πράττουσιν.
1659 1209 1760 1265 Ubi
1791 1212 1892 1262 τῶν
1915 1206 2082 1261 ἄλλων
2115 1210 2256 1263 idem
2278 1217 2360 1264 est
2393 1217 2550 1281 atque
2571 1208 2814 1279 ἑκατέρων
2829 1252 2843 1280 ,
2869 1213 2947 1263 al·

616 1306 931 1350 ter-utrorum.
989 1296 1262 1349 Caeterum
1295 1293 1680 1350 Gorthenorum
1708 1296 2022 1350 vocabulum
2053 1297 2197 1349 varie
2226 1296 2362 1350 solet
2394 1297 2633 1367 exprimi.
2692 1295 2830 1351 Nam
2854 1303 2946 1351 aut

614 1381 849 1451 Popflnvol
872 1381 1141 1447 dicuntur,
1161 1387 1254 1434 aut
1274 1380 1578 1452 Γορθαιηνοὶ.
1650 1382 1709 1435 Ιιι
1729 1381 2171 1452 Anacephalaeosi
2193 1380 2488 1452 Γοροθηνοὶ,
2510 1382 2760 1436 mendose
2782 1388 2843 1435 ut
2865 1399 2944 1435 ar·

615 1467 799 1532 bitror;
821 1472 881 1521 ut
903 1473 955 1520 et
974 1467 1114 1538 apud
1136 1466 1417 1520 Eusebium
1441 1466 1721 1536 Γορθηωνοὶ
1744 1468 1811 1521 ab
1835 1473 2016 1522 autore
2040 1468 2130 1538 qui
2151 1467 2386 1538 Γορθαῖος
2419 1467 2721 1538 appellatur.
2776 1467 2945 1533 Quare

616 1552 901 1623 Γορθαιηνοὶ
925 1552 1117 1606 rectius
1134 1552 1337 1606 videtur
1360 1552 1643 1622 Scaligero.

749 1639 842 1691 Kal
863 1638 1078 1707 νηστείας
1103 1641 1186 1705 τῆς
1211 1636 1329 1709 παρ’
1352 1637 1563 1706 αὐτοῖς]
1604 1638 1976 1711 Expiafionum
1997 1638 2216 1705 festum,
2248 1638 2361 1693 sive
2381 1637 2658 1710 Kippurim
2681 1639 2944 1710 intelligit,

617 1725 757 1796 quod
781 1743 831 1779 x.
856 1724 992 1778 Tisri
1015 1724 1362 1780 celebrabant.

753 1808 814 1862 Οἱ
840 1808 894 1862 δὲ
917 1806 1064 1862 ἄλλοι
1086 1809 1185 1880 οὐχ
1202 1809 1336 1862 οὕτω
1358 1813 1603 1878 ποιοῦσιν]
1629 1806 1807 1863 Ἄλλοι
1830 1810 2019 1864 debant
2040 1826 2156 1865 esse
2165 1810 2440 1879 Σεβουοίῖοι,
2465 1811 2558 1865 sed
2568 1809 2944 1878 νοιἘσσ-ηνοῖς

614 1893 928 1961 inducenda,
961 1902 1054 1949 aut
1083 1891 1197 1947 ἀλλ’
1226 1893 1482 1962 Ἐσσηνοῖς
1514 1897 1872 1961 scribendum3
1907 1897 2030 1966 quia
2060 1912 2440 1968 nonnunquam
2471 1897 2657 1951 Esseni
2688 1914 2810 1951 cum
2839 1898 2943 1951 illis

614 1980 815 2035 Pascha
836 1982 1111 2035 celebrant.
1135 1982 1331 2035 Verum
1353 1999 1470 2035 ecce
1493 1982 1556 2035 de
1578 1981 1793 2036 Essenis
1819 1998 1979 2053 supra
1999 1981 2138 2037 haer.
2160 1982 2231 2036 X.
2256 1983 2490 2053 scripsit:
2515 1980 2753 2053 ἐνέμειναν
2778 1980 2874 2053 γὰρ
2899 1982 2944 2035 οἱ

615 2064 845 2132 Ἐσσηνοὶ
868 2070 927 2138 τῇ
962 2067 1131 2138 πρώτῃ
1158 2065 1332 2139 ἀγωγῇ
1368 2067 1518 2138 μηδὲν
1551 2066 1997 2138 ὑπερβαλλόμενοι,
2022 2073 2078 2121 in
2099 2073 2279 2139 priore
2301 2072 2524 2121 instituto
2536 2078 2944 2138 permanserunt,

617 2154 757 2205 nulla
780 2157 833 2204 in
857 2171 916 2205 re
939 2155 1383 2223 transqredientes.
1427 2154 1524 2208 Hic
1547 2160 1725 2207 autem
1761 2160 1813 2208 et
1834 2155 1890 2207 in
1911 2153 2354 2225 Anacephalaeosi
2375 2156 2683 2224 plerumque
2707 2170 2828 2208 cum
2851 2154 2943 2209 Se·

615 2238 795 2292 buaeis
817 2239 953 2293 festa
973 2244 1304 2311 praepostere
1328 2240 1606 2293 celebrant.
1635 2239 1743 2301 Quo
1768 2248 1961 2293 teneam
1984 2242 2169 2292 vultum
2185 2249 2454 2294 mutantem
2472 2241 2660 2294 Protea
2680 2243 2840 2293 nodo!
2861 2241 2943 2294 An

616 2325 717 2378 duo
752 2330 876 2379 sunt
896 2325 1213 2380 Essenorum
1245 2342 1466 2396 genera,
1496 2331 1558 2380 ut
1578 2325 1812 2380 Serrario
1846 2326 2041 2396 placuit
2071 2327 2384 2380 reclamante
2407 2326 2709 2396 Scaligero?
2755 2325 2826 2378 Ut
2855 2326 2945 2380 alii

615 2426 737 2465 cum
758 2411 1036 2477 Sebuaeis,
1070 2412 1161 2464 alii
1191 2428 1311 2465 cum
1335 2411 1614 2466 Gorthenis
1638 2418 1692 2466 et
1712 2410 1976 2465 Dositheis
2000 2411 2307 2478 habitarint,
2340 2418 2394 2465 et
2415 2428 2597 2467 eorum
2631 2412 2942 2482 quibuscum

616 2496 867 2566 degerent
886 2497 1019 2550 ritus
1038 2498 1094 2551 in
1117 2498 1370 2551 obeundis
1394 2498 1652 2552 duntaxat
1666 2499 1970 2553 solennibus
1985 2499 2329 2552 imitarentur.
2373 2498 2522 2561 Quod
2540 2498 2750 2567 quidem
2771 2498 2944 2551 studio

615 2583 760 2653 pacis
793 2597 855 2636 ac
876 2582 1179 2637 concordiae
1200 2583 1428 2640 Essenos
1461 2584 1782 2656 praestitisse
1812 2582 1998 2640 horum
2030 2584 2306 2656 disciplina
2324 2584 2626 2658 persuadet,
2657 2598 2793 2656 quae
2814 2582 2944 2640 nihil

617 2669 724 2723 otio
746 2685 808 2722 ac
833 2670 1004 2742 quiete
1027 2670 1292 2741 antiquius
1313 2668 1513 2727 habuit.

1188 2825 1282 2880 AD
1316 2825 1654 2882 HAERESIN
1687 2825 1832 2882 XIII.
1865 2824 2369 2883 DOSITHEORUM.

750 2926 970 2981 Δοσίθεοι
1003 2927 1058 2981 δὲ
1090 2928 1279 2990 τούτοις
1311 2929 1639 3001 διαφέρονται]
1698 2930 1869 3000 Supra
1899 2929 2178 2984 Dositheos
2209 2945 2244 2983 a
2271 2927 2635 2983 communibus
2657 2927 2941 2984 Samarita-

613 3027 803 3069 norum
819 3015 950 3069 odiis
968 3030 1027 3068 ac
1045 3015 1461 3069 contentionibus
1479 3018 1717 3086 excipere
1733 3016 1879 3068 visus
1897 3023 2003 3068 estz
2029 3015 2158 3081 πλὴν
2176 3017 2275 3068 τῶν
2294 3013 2539 3066 Δοσιθέων
2559 3015 2727 3084 μόνον.
2751 3015 2942 3070 Verum

616 3101 903 3154 contrarius
947 3116 1011 3152 ex
1043 3099 1143 3152 hoc
1182 3099 1297 3154 loco
1333 3117 1517 3154 sensus
1550 3101 1903 3172 superioribus
1944 3102 2046 3154 illis
2079 3099 2434 3154 attribuendus
2469 3105 2574 3153 est:
2615 3101 2862 3155 nimirum
2891 3100 2941 3153 ἐν

616 3184 792 3255 βραχεῖ
815 3185 895 3236 καὶ
917 3181 967 3235 ἔν
990 3201 1079 3236 τινι
1101 3188 1298 3250 ποσῶς,
1343 3187 1524 3256 paucis
1559 3203 1621 3239 ac
1651 3187 1927 3239 levissimis
1961 3186 2015 3238 in
2037 3187 2193 3239 rebus
2218 3186 2667 3239 Samaritanorum
2687 3187 2940 3242 factiones

615 3285 649 3323 a
671 3287 727 3321 se
749 3270 972 3323 invicem
995 3269 1289 3335 dissentire,
1321 3277 1525 3340 praeter
1546 3271 1847 3337 Dositheos‚
1878 3288 1987 3324 non
2011 3273 2100 3341 qui
2121 3271 2251 3325 nihil
2275 3288 2309 3323 a
2330 3272 2548 3325 caeteris
2571 3272 2941 3343 discreparent,

616 3355 709 3407 sed
731 3356 947 3424 quinon
969 3355 1175 3421 leviter,
1207 3360 1267 3409 ut
1284 3356 1387 3425 ini,
1422 3357 1511 3409 sed
1541 3356 1852 3425 gravissime
1875 3355 2196 3412 dissiderent.
2254 3355 2490 3410 Dosithei
2512 3373 2665 3427 porro
2687 3363 2798 3412 tam
2820 3366 2942 3414 ante

616 3439 878 3495 Christum
891 3480 905 3506 ,
930 3457 1087 3511 quam
1121 3447 1244 3512 post
1264 3458 1384 3495 eum
1407 3443 1698 3513 complures
1723 3443 2030 3508 extiterunt3
2054 3448 2106 3496 et
2127 3443 2495 3497 nonnullorum
2517 3443 2655 3513 apud
2677 3444 2940 3500 Hebraeos

615 3527 829 3581 mentio.
867 3526 1005 3580 Nam
1023 3531 1278 3591 *nnn-H
1302 3525 1521 3581 Dosthai
1541 3532 1622 3581 est
1637 3527 1933 3594 Dositheas‚
1957 3529 2096 3598 quod
2117 3529 2310 3583 frustra
2329 3535 2580 3599 negatum
2604 3544 2637 3581 a
2651 3529 2940 3601 Scaligero.

615 3612 686 3668 At
717 3614 771 3666 in
794 3629 902 3684 cap.
930 3630 1006 3666 ιιι.
1029 3612 1181 3666 Pirke
1202 3611 1376 3666 Aboth
1401 3613 1659 3683 quoddam
1681 3613 1896 3668 Dosthai
1916 3614 2062 3668 lanai
2081 3616 2139 3671 F.
2165 3616 2360 3669 dictum
2381 3619 2717 3679 memoratur,
2742 3618 2883 3686 quod
2905 3633 2941 3671 a

615 3698 678 3753 R.
700 3699 832 3752 Meir
854 3698 1133 3752 didicerat.-
1155 3698 1258 3751 Sed
1278 3699 1325 3751 is
1349 3698 1415 3751 ab
1436 3696 1536 3752 hoc
1560 3705 1738 3754 nostro
1760 3700 1992 3754 diversus
2016 3706 2110 3756 est.
2149 3701 2598 3765 Quemadmodum
2615 3706 2669 3754 et
2684 3703 2815 3755 alter
2831 3703 2938 3769 ille,

616 3785 765 3838 cuius
787 3785 1061 3854 aliquoties
1097 3783 1348 3854 Origenes
1369 3786 1610 3839 meminit
1651 3801 1874 3856 eumque
1904 3787 2289 3841 Samaritanum
2323 3788 2548 3857 appellat
2581 3785 2672 3839 lib.
2709 3785 2795 3840 IV.
2831 3787 2941 3859 περὶ

616 3868 815 3940 Ἀρχῶν
836 3886 949 3941 cap.
976 3888 1050 3934 ιι.,
1071 3886 1168 3923 nec
1188 3887 1296 3923 non
1319 3877 1370 3923 et
1392 3872 1509 3924 aliis
1531 3873 1587 3925 in
1608 3872 1763 3937 locis,
1785 3874 2057 3944 praecipue
2081 3879 2263 3927 contra
2285 3872 2494 3927 Celsum
2515 3871 2606 3926 lib.
2629 3889 2686 3926 ιι.
2743 3873 2939 3930 Verum

617 3955 876 4026 antiquior
899 3961 981 4009 est
999 3955 1389 4025 Epiphanianns
1412 3956 1537 4021 iste,
1567 3974 1601 4010 a
1623 3973 1725 4029 quo
1749 3958 2080 4013 Sadducaeos
2100 3964 2416 4031 propagatos
2440 3974 2557 4011 esse
2578 3974 2706 4012 mox
2728 3959 2937 4026 indicat,

604 4042 708 4112 'qui
732 4041 941 4111 quidem
963 4040 1153 4095 Christi
1174 4046 1345 4095 ortum
1367 4045 1659 4097 antecessit.
1715 4043 1790 4098 De
1813 4045 2061 4099 Dositheo
2084 4051 2138 4099 et
2158 4044 2492 4098 Dositheanis
2515 4045 2634 4114 lege
2665 4061 2800 4114 quae
2823 4062 2938 4100 eru·

618 4126 722 4181 dite
744 4126 1006 4180 Serrarius
1027 4132 1206 4181 noster
1226 4129 1283 4182 in
1297 4129 1573 4184 Minervali
1595 4130 1821 4201 disputat
1841 4133 1929 4184 lib.
1951 4131 2037 4188 lv,
2062 4148 2173 4200 cap.
2193 4148 2245 4195 x,
2268 4148 2325 4183 ιι
2349 4136 2402 4184 οι
2422 4148 2516 4183 111.

752 4209 1159 4283 Ἐγκρατεύονται
1180 4210 1276 4266 ἀπὸ
1302 4213 1476 4285 γάμων
1501 4211 1623 4286 μετὰ
1646 4214 1703 4267 τὶ)
1730 4216 1939 4286 βιῶσαι.)
1974 4216 2150 4270 Potest
2170 4215 2298 4269 illud
2318 4211 2438 4285 μετὰ
2463 4215 2520 4266 τὸ
2542 4215 2716 4285 βιῶσαι
2732 4215 2936 4271 duobus

617 4298 788 4353 modis
809 4299 1003 4370 accipi3
1026 4301 1300 4371 utrobique
1322 4298 1653 4362 ἐλλειπτικῶς.
1709 4302 1855 4356 Alter
1875 4309 1936 4355 ut
1957 4299 2007 4354 ἐν
2028 4306 2103 4371 τῷ
2128 4300 2278 4373 γάμῳ
2301 4301 2667 4368 subaudiatur,
2690 4303 2846 4369 alter,
2876 4309 2936 4358 ut

618 4384 687 4438 ad
709 4386 916 4453 γυνοαια
937 4386 1208 4455 pertineat.
1273 4386 1423 4441 Prior
1457 4388 1812 4458 interpretatio
1845 4388 2130 4458 simplicior
2159 4394 2265 4454 est,
2296 4403 2516 4458 eamque
2540 4387 2817 4442 Carnarius
2853 4405 2934 4445 se·

618 4476 769 4524 cutus
792 4475 887 4524 est.
944 4470 1005 4525 In
1026 4473 1190 4526 altera
1221 4471 1279 4524 ‘cb
1306 4473 1481 4541 βιῶσαι
1492 4472 1641 4526 idem
1664 4479 1746 4526 est
1767 4489 1828 4525 ac
1858 4482 2101 4525 mortuam
2124 4491 2255 4538 esse,
2286 4481 2349 4528 ut
2376 4474 2515 4544 apud
2545 4473 2756 4526 Latinos
2789 4479 2933 4539 vt'n‘t,

620 4555 825 4625 βεβίωκε
847 4556 985 4628 apud
1005 4556 1264 4614 Plutarch.
1287 4559 1343 4613 in
1367 4558 1631 4613 Cicerone.
1666 4558 1772 4613 Nos
1795 4563 2067 4629 utramque
2089 4576 2209 4615 cum
2232 4561 2656 4631 agnovissemus,
2679 4561 2933 4629 posterior

616 4642 675 4699 in
697 4648 1001 4700 contextum
1028 4651 1251 4718 recepta.
