3185 5219
611 365 930 422 CLXXXVI

611 529 694 577 est
713 520 987 592 συνελήφθη
1000 562 1015 592 ,
1049 522 1190 592 quod
1211 523 1368 594 culpa
1387 523 1709 576 librariorum
1735 521 1935 593 effugit.
2004 521 2215 577 Utinam
2238 528 2443 577 caetera
2463 528 2574 577 tam
2597 523 2751 578 facile
2774 524 2929 578 extri·

610 625 729 663 care
747 614 983 681 possem!
1010 624 1142 679 quae
1163 614 1290 662 suut
1309 608 1714 680 impeditissima.
1760 608 2020 679 Imprimis
2044 609 2184 662 enim
2206 624 2303 679 par
2322 609 2449 662 illud
2472 626 2606 663 coss.
2630 609 2928 661 Σουλπικίου

610 693 929 765 Καμμαρίνου
948 698 999 746 et
1019 693 1216 759 Βηττέω
1234 693 1554 764 Πομπηϊανοῦ
1574 692 1768 746 ὑπάτων
1786 694 1943 747 nullis
1962 693 2016 747 in
2038 692 2210 747 Fastis
2234 695 2430 766 reperio
2460 695 2611 765 (quos
2634 695 2804 749 fuisse
2826 694 2929 748 sul·

608 779 774 833 sectos
797 784 1002 851 oportet
1020 796 1114 849 per
1133 779 1226 849 illa
1245 781 1518 851 tempora).
1590 780 1718 833 Cum
1740 780 1902 850 igitur
1925 785 2132 833 autores
2155 779 2255 845 illi,
2290 797 2421 851 quos
2445 781 2571 835 citat
2591 779 2927 851 Epiphanius,

608 870 791 919 natum
809 865 1034 919 dixerint
1051 864 1313 918 Christum
1335 881 1473 919 anno
1489 865 1710 935 Augusti
1726 882 1828 929 110„
1852 872 2158 935 conceptum
2175 881 2297 919 vero
2316 865 2464 919 Iunio
2483 865 2565 919 vel
2583 866 2715 919 Iulio
2732 881 2930 930 mense,

610 966 673 1004 ac
694 969 772 1005 vn
793 950 1052 1004 duntaxat
1068 966 1278 1004 menses
1299 951 1355 1005 in
1387 956 1531 1004 utero
1562 955 1844 1020 gestatum,
1878 951 1926 1003 si
1957 951 2147 1004 natalis
2179 950 2402 1005 eundem
2434 968 2552 1005 cum
2575 952 2853 1022 Aegyptiis
2881 956 2932 1004 et

608 1035 898 1107 Epiphanio
922 1036 1060 1090 diem
1090 1037 1391 1101 statuerint,
1422 1036 1727 1090 convenient
1755 1035 1809 1089 hi
1840 1052 1975 1089 coss.
2006 1036 2063 1090 in
2095 1053 2291 1091 annum
2322 1038 2549 1107 Augusti
2572 1055 2757 1092 xxm.
2831 1036 2931 1090 Sed

608 1123 832 1192 Augusti
853 1123 1039 1193 ImPer.
1062 1138 1317 1176 annorum
1340 1122 1541 1175 diversa
1562 1126 1684 1175 sunt
1704 1121 1876 1187 initia,
1901 1121 1964 1173 de
1989 1121 2179 1191 quibus
2214 1122 2424 1192 copiose
2447 1123 2641 1176 dictum
2665 1128 2762 1176 est.
2795 1122 2929 1177 Nam

609 1214 702 1261 aut
722 1208 790 1261 ab
812 1208 927 1279 ipsa
948 1207 1064 1261 Iulii
1088 1207 1322 1261 Caesaris
1353 1224 1505 1273 nece,
1539 1206 1736 1260 Iuliano
1759 1225 1816 1260 ιι.
1848 1214 2201 1272 numerantur,
2235 1215 2327 1260 aut
2357 1223 2390 1260 a
2424 1214 2698 1279 sequente,
2731 1207 2831 1261 Iul.
2854 1227 2928 1262 ιιι.

609 1292 756 1347 Unde
779 1311 864 1346 ιι.
888 1294 1113 1363 Augusti
1137 1294 1367 1346 Iulianus
1390 1298 1471 1346 est
1492 1294 1572 1346 vel
1597 1310 1700 1346 xm.
1724 1291 1807 1345 vel
1832 1309 1987 1356 xnn.;
2021 1292 2077 1345 iu
2111 1309 2333 1362 quorum
2365 1294 2669 1347 alterutrum
2701 1295 2928 1347 natalem

611 1377 802 1432 Christi
825 1379 1101 1448 scriptores
1123 1379 1200 1431 illi
1224 1379 1569 1442 coniecerant3
1603 1382 1908 1448 conceptum
1943 1383 2121 1431 autem
2144 1379 2449 1433 asserebant
2470 1378 2563 1432 Iul.
2590 1398 2674 1433 ιι.
2697 1380 2784 1431 vel
2807 1397 2930 1443 ιιι,

609 1480 831 1534 quorum
865 1465 1053 1534 aliquis
1083 1462 1331 1517 suffectos
1361 1464 1478 1516 illos
1508 1480 1643 1518 coss.
1674 1462 1872 1516 habuit.
1917 1462 2112 1516 Verum
2145 1464 2394 1534 quoniam
2418 1465 2643 1534 Augusti
2672 1481 2842 1518 anuos
2866 1464 2929 1517 ab

606 1549 897 1621 Epiphanio
922 1545 1043 1619 μετὰ
1067 1547 1310 1619 πρόληψιν
1334 1550 1592 1603 numerari
1614 1548 1884 1602 docuimus
1908 1564 1942 1600 a
1960 1548 2075 1601 Kal.
2092 1548 2217 1614 Ian„
2251 1556 2309 1602 ut
2342 1565 2511 1603 annus
2544 1550 2684 1603 illius
2710 1568 2842 1604 nu.
2864 1550 2930 1602 sit

607 1634 840 1688 Iulianus
873 1634 984 1699 ille,
1020 1635 1168 1686 cuius
1202 1634 1269 1686 ab
1303 1635 1538 1704 Augusto
1569 1651 1749 1688 mense
1774 1648 1902 1687 xnn.
1934 1634 2159 1704 Augusti
2191 1634 2388 1699 inierit,
2423 1635 2560 1688 unde
2595 1652 2663 1688 ex
2698 1635 2930 1688 eiusdem

609 1735 770 1773 sensu
793 1737 920 1773 xnn.
943 1719 1167 1788 Augusti
1201 1736 1332 1773 coss.
1367 1720 1467 1773 sibi
1496 1720 1735 1773 vendicat
1756 1720 1892 1789 Aug.
1914 1737 2028 1775 xm.
2064 1726 2116 1773 et
2151 1721 2442 1785 Silvanum,
2476 1719 2573 1774 hac
2605 1719 2809 1774 ratione
2842 1738 2926 1774 ιι.

611 1805 837 1874 Augusti
869 1803 1007 1857 cadit
1037 1804 1091 1856 in
1127 1806 1453 1857 consulatum
1486 1804 1542 1859 C.
1568 1805 1778 1858 Calvisii
1807 1811 1860 1858 et
1881 1805 1939 1859 L.
1957 1806 2215 1871 Passieni,
2252 1824 2433 1859 xxxrx.
2456 1823 2577 1858 vero
2602 1806 2738 1875 Aug.
2766 1825 2858 1859 ιιι.
2881 1813 2931 1858 et

608 1889 666 1943 L.
691 1889 891 1943 Sullam
923 1904 1057 1943 coss.
1081 1886 1261 1954 habet,
1296 1890 1482 1960 quibus
1515 1890 1717 1944 suffecti
1748 1897 1872 1944 sunt
1888 1890 2158 1960 Sulpicius
2182 1890 2486 1944 Camerinus
2511 1898 2564 1944 et
2584 1891 2928 1962 Pompeianus

607 1976 694 2028 ille
719 1974 910 2039 Buteo;
946 1974 1009 2027 de
1034 1975 1224 2044 quibus
1247 1976 1384 2029 circa
1404 1973 1499 2029 hos
1523 1992 1686 2029 annos
1709 1977 1856 2029 nulla
1874 1976 1931 2029 in
1953 1976 2124 2029 Fastis
2148 1977 2360 2031 mentio.
2431 1977 2534 2029 Sed
2559 1993 2697 2031 anno
2721 1977 2929 2030 demum

606 2061 809 2114 Iuliano
844 2078 947 2114 ιιν.
988 2059 1049 2124 Q.
1078 2059 1339 2131 Sulpicius
1372 2060 1672 2115 Camerinus
1712 2066 1766 2115 et
1806 2060 2077 2133 Poppaeus
2109 2060 2336 2115 Sabinus
2384 2078 2515 2115 coss.
2551 2062 2928 2116 adscribuntur.

607 2146 684 2201 De
711 2144 907 2216 Βηττέῳ
933 2145 1239 2216 Πομπηϊανῷ
1263 2145 1393 2200 nihil
1412 2148 1626 2218 reperi0.
1694 2147 1840 2211 Quod
1874 2163 2062 2201 nomen
2093 2147 2343 2201 mendose
2374 2148 2427 2200 in
2462 2147 2617 2201 dandi
2649 2163 2778 2202 casu
2808 2149 2928 2200 scri·

607 2236 757 2304 ptum
796 2236 891 2284 est.
960 2229 1159 2301 Corrig.
1195 2233 1371 2302 itaque
1405 2231 1602 2298 Βηττέω
1638 2232 1982 2303 Πομπηΐανοῦ,
2028 2233 2164 2302 quod
2206 2233 2453 2286 orationis
2490 2235 2650 2286 series
2684 2234 2927 2303 postulat.

607 2316 817 2388 Alioqui
837 2333 944 2369 non
967 2333 1085 2369 sum
1117 2318 1350 2382 nescius,
1382 2319 1508 2388 quin
1529 2317 1715 2371 Latino
1740 2334 1884 2371 more
1909 2335 2041 2372 coss.
2065 2318 2279 2372 nomina
2301 2334 2393 2389 per
2415 2319 2647 2371 dativum
2670 2317 2927 2371 interdum

605 2419 855 2474 expressa
870 2404 1125 2472 legantur.
1159 2402 1229 2456 Ut
1249 2403 1306 2456 in
1322 2404 1436 2458 Vet.
1456 2404 1688 2474 Inscript.
1707 2403 1957 2456 Alexand.
1977 2403 2267 2458 Chronieon
2288 2420 2408 2475 pag.
2423 2404 2537 2459 497.
2556 2420 2693 2457 anno
2708 2404 2926 2473 Augusti

606 2506 692 2543 xx..
718 2494 898 2542 natum
921 2504 1035 2541 esse
1059 2487 1321 2541 Christum
1344 2494 1624 2555 memorat,
1652 2487 1983 2543 monarchiae
2006 2507 2193 2544 xxvm.
2261 2490 2365 2543 Sed
2390 2488 2695 2543 mendosum
2721 2506 2836 2542 esse
2856 2490 2926 2542 lo·

606 2591 726 2630 cnm
749 2590 962 2629 necesse
986 2579 1081 2629 est.
1129 2572 1262 2638 Quia
1284 2590 1406 2645 pag.
1425 2574 1538 2629 453.
1564 2591 1728 2629 annos
1753 2577 1992 2646 Augusto
2024 2576 2340 2642 tribuitur,
2372 2590 2577 2630 meuses
2601 2593 2655 2630 vr
2670 2615 2684 2641 ‚
2720 2592 2787 2629 ex
2819 2575 2927 2646 qui·

605 2663 703 2716 bus
726 2680 818 2716 xrv
840 2666 960 2731 post
982 2658 1170 2714 Christi
1203 2662 1433 2714 natalem
1455 2661 1600 2715 vixit.
1670 2660 1816 2715 Unde
1839 2679 1968 2717 xur.
1992 2678 2148 2732 agere
2180 2661 2357 2716 debuit
2389 2679 2492 2732 quo
2524 2665 2758 2731 tempore
2780 2668 2926 2714 natus

605 2755 687 2801 est
707 2746 959 2801 Christus.
996 2745 1268 2800 Caeterum
1292 2745 1567 2801 Comarius
1589 2764 1684 2819 pro
1710 2746 1906 2814 Βηττέω
1925 2746 2247 2818 Πομπηϊανοῦ
2268 2747 2357 2802 Cn.
2370 2747 2676 2817 Pompeiano
2694 2746 2925 2800 reddidit.

604 2833 714 2889 Nos
737 2832 1030 2887 Buteonem
1052 2837 1317 2904 utcunque
1339 2833 1644 2898 maluimus,
1669 2833 1806 2903 quod
1829 2832 2110 2886 Fabiorum
2133 2849 2426 2902 cognomen
2447 2833 2562 2886 fuit.

740 2916 1026 2989 Εὑρήκαμεν
1050 2917 1145 2989 γὰρ
1169 2914 1266 2969 ἀπὸ
1293 2919 1467 2970 τούτου
1492 2923 1577 2971 τοῦ
1602 2918 1973 2989 Προπόσωνος]
2043 2917 2423 2973 Foedissimum
2456 2918 2540 2971 hic
2562 2918 2811 2972 mendum
2835 2923 2926 2983 est,

605 3004 668 3058 de
693 3021 796 3074 quo
820 3005 1065 3074 capillum
1086 3020 1192 3057 non
1216 3006 1538 3074 promittam,
1562 3019 1730 3074 neque
1754 3005 2004 3075 occipiam
2030 3002 2347 3057 hariolarier.
2383 3003 2693 3073 Quanquam
2718 3021 2786 3057 ex
2811 3020 2927 3057 con-

605 3090 942 3160 sequentibus
968 3089 1091 3158 quid
1116 3089 1444 3142 scribendum
1465 3089 1623 3142 fuerit
1643 3090 1758 3143 elici
1780 3095 1968 3159 potest.
2013 3089 2219 3143 Etenim
2243 3089 2309 3142 ab
2333 3107 2394 3143 eo
2418 3090 2525 3154 die,
2551 3105 2709 3159 quem
2730 3091 2817 3143 isti
2840 3105 2926 3141 na-

605 3175 698 3228 tali
719 3173 1095 3244 praefixerant,
1128 3173 1195 3227 ad
1227 3190 1275 3227 a.
1298 3174 1346 3227 d.
1371 3191 1484 3228 vm.
1518 3174 1629 3227 Eid.
1652 3173 1761 3227 lan.
1794 3191 2000 3228 menses
2025 3176 2100 3228 ait
2121 3177 2373 3229 interesse
2395 3193 2471 3230 vu
2491 3177 2727 3240 lunares,
2757 3176 2925 3228 minus

605 3260 788 3313 diebus
812 3278 882 3312 ιν.
932 3260 1089 3329 Atqui
1113 3278 1166 3312 vr
1189 3260 1396 3312 lunares
1419 3275 1627 3313 menses
1644 3259 1754 3312 dies
1779 3261 2033 3330 colligunt
2061 3260 2172 3325 177,
2208 3261 2398 3330 quibus
2423 3260 2581 3314 additi
2604 3261 2671 3313 26
2696 3260 2928 3314 efficiunt

605 3344 716 3398 dies
740 3344 857 3408 203,
883 3346 972 3414 qui
995 3344 1058 3396 de
1081 3344 1177 3397 371
1206 3344 1420 3397 detracti
1442 3345 1740 3414 relinquunt
1763 3344 1872 3398 dies
1902 3345 2012 3400 168.
2049 3346 2231 3416 Itaque
2262 3346 2369 3401 169.
2389 3347 2470 3400 die
2494 3363 2526 3398 a
2547 3346 2662 3401 Kal.
2681 3346 2812 3411 Ian„
2834 3345 2926 3399 hoc

604 3435 685 3483 est
707 3447 813 3483 xrv.
835 3429 951 3484 Kal.
977 3429 1162 3494 Iulias,
1194 3435 1502 3500 conceptum
1530 3446 1647 3483 esse
1671 3428 1960 3496 Christum,
1996 3439 2047 3484 et
2078 3430 2193 3484 203.
2229 3439 2413 3502 postea
2444 3431 2552 3495 die,
2583 3433 2693 3485 sive
2729 3449 2798 3485 vr.
2822 3431 2926 3485 Ian.

601 3521 786 3571 natum
809 3521 1168 3569 asseverarunt
1189 3515 1264 3568 illi
1287 3516 1351 3569 de
1374 3516 1561 3586 quibus
1581 3515 1899 3586 Epiphanius
1919 3516 2162 3587 loquitur.
2198 3518 2445 3587 Adeoque
2467 3519 2541 3571 sic
2565 3516 2926 3588 concipiendus

604 3601 688 3655 hic
710 3602 858 3656 locus
893 3600 1016 3654 suit:
1050 3598 1148 3652 ἀπὸ
1173 3603 1270 3652 τῶν
1295 3601 1392 3671 πρὸ
1418 3600 1535 3653 δέκα
1559 3601 1650 3653 δύο
1672 3600 1944 3654 Καλανδῶν
1970 3600 2206 3655 Ἰουλίων.
2242 3603 2338 3656 Vel
2363 3601 2486 3674 quia
2509 3602 2617 3656 dies
2641 3610 2722 3656 est
2744 3600 2925 3673 Epiphi

603 3704 746 3742 xxrv.
771 3683 870 3739 ἀπὸ
895 3690 978 3754 τῆς
1003 3691 1091 3739 τοῦ
1116 3685 1284 3757 Ἐπιφὶ
1311 3684 1405 3739 κδ’.
1477 3688 1543 3739 At
1574 3687 1855 3741 Comarius
1889 3688 1983 3758 πρὸ
2020 3688 2241 3749 Πίσωνος
2271 3690 2464 3759 legisse
2495 3688 2713 3742 videtur.
2784 3686 2928 3751 Quod

601 3789 710 3828 non
732 3779 813 3826 est
834 3773 1250 3843 improbandum.
1297 3771 1365 3826 Ut
1388 3774 1461 3826 ita
1481 3773 1716 3827 fortassis
1747 3774 2194 3844 interpretandum
2229 3775 2319 3828 sit:
2355 3774 2422 3826 ab
2458 3790 2594 3827 anuo
2631 3775 2925 3827 consulatus

601 3859 738 3929 Aug.
765 3877 881 3913 xm.
905 3864 957 3911 et
979 3858 1196 3923 Plautii,
1221 3865 1375 3929 atque
1399 3875 1433 3911 a
1453 3877 1558 3913 xrv.
1581 3859 1694 3913 Kal.
1706 3858 1799 3912 Iul.
1825 3861 1936 3912 eius
1955 3860 2079 3912 anni
2103 3859 2170 3912 ad
2193 3876 2265 3914 11.
2293 3847 2454 3929 '1¹'ybi,
2479 3875 2582 3929 quo
2606 3858 2856 3913 Lentulus
2879 3864 2927 3912 et

599 3944 722 4000 Piso
747 3961 881 3998 coss.
904 3944 1142 4009 fuerunt,
1167 3963 1241 3998 vu
1264 3946 1472 3999 lunares
1496 3962 1701 3999 menses
1724 3945 2097 4000 intercessisse.

739 4028 873 4090 Τινὲς
899 4031 956 4082 δέ
976 4048 1119 4100 φασιν
1143 4028 1211 4092 ὡς
1236 4030 1354 4082 δέκα
1378 4034 1569 4102 μῆνας]
1618 4030 1677 4085 Si
1698 4031 1925 4084 natalem
1949 4030 2147 4085 domini
2172 4049 2243 4084 xr.
2267 4030 2426 4100 Tybi,
2450 4030 2560 4083 sive
2584 4030 2692 4083 Ian.
2714 4047 2784 4084 v1.
2810 4046 2927 4083 con·

600 4117 865 4171 stituerint
885 4116 1146 4187 opinionis
1169 4118 1309 4171 illius
1327 4117 1578 4181 vindices,
1603 4125 1907 4187 conceptum
1932 4118 2042 4169 eius
2066 4116 2193 4186 ipsis
2217 4115 2434 4169 Kalend.
2453 4115 2642 4187 Aprilis
2665 4116 2930 4186 posuerint

601 4207 819 4272 oportet.
867 4203 912 4254 A
935 4217 1038 4271 quo
1064 4203 1146 4255 die
1170 4202 1235 4255 ad
1260 4202 1459 4257 v1.1an.
1489 4217 1697 4254 menses
1731 4207 2072 4253 numerantur
2093 4219 2177 4266 rx,
2209 4201 2321 4254 dies
2344 4220 2431 4266 xv,
2463 4202 2553 4271 qui
2585 4208 2708 4254 suut
2738 4200 2847 4254 dies
2874 4201 2927 4253 in

600 4293 768 4340 totum
789 4286 905 4342 281.
943 4286 1092 4351 Quod
1116 4287 1162 4340 si
1185 4303 1253 4340 ex
1276 4288 1540 4340 communi
1561 4286 1820 4340 sententia
1840 4286 1895 4339 in
1920 4303 2039 4339 xxv.
2058 4286 2182 4339 Dec.
2206 4288 2433 4340 natalem
2458 4287 2788 4350 contulerint,
2811 4302 2929 4339 con-

604 4379 783 4441 ceptus
808 4370 1000 4425 Christi
1023 4371 1162 4424 cadit
1181 4373 1237 4424 in
1261 4371 1432 4423 Martii
1457 4388 1542 4425 xx.
1568 4370 1889 4441 Epiphanius
1914 4388 2036 4425 vero
2060 4388 2154 4442 pro
2178 4378 2440 4444 comperto
2463 4371 2647 4426 habuit
2666 4370 2928 4425 Christum

603 4460 786 4510 natum
809 4474 924 4510 esse
947 4475 1018 4512 vr.
1040 4458 1165 4520 Ian„
1189 4473 1322 4526 quae
1343 4456 1445 4509 fuit
1466 4457 1851 4526 Aegyptiorum
1868 4457 2061 4527 opinio.
2125 4456 2452 4529 Quamquam
2477 4464 2650 4512 utrum
2674 4473 2738 4510 ea
2760 4457 2841 4510 die
2863 4458 2930 4509 sit

603 4546 758 4594 natus
791 4539 1056 4595 dubitasse
1090 4542 1353 4604 videntum
1386 4548 1445 4594 ut
1467 4540 1751 4595 Cassianus
1776 4559 1827 4596 x.
1855 4540 1983 4595 Coll.
2007 4559 2119 4613 cap.
2140 4561 2198 4597 11.
2221 4543 2501 4613 significat.
2551 4543 2793 4596 Clemens
2816 4543 2927 4596 Ale-

604 4625 894 4682 xandrinus
916 4645 952 4681 1.
971 4627 1163 4681 Strom.
1190 4627 1356 4681 varias
1377 4643 1440 4680 ea
1463 4626 1526 4680 de
1549 4643 1608 4680 re
1630 4627 1916 4682 sententias
1940 4626 2112 4682 refert.
2148 4627 2216 4682 Ut
2240 4645 2445 4695 eorum,
2471 4629 2561 4700 qui
2582 4646 2706 4681 xxv.
2726 4626 2925 4682 Pachon
