<?xml version="1.0" encoding="UTF-8"?>
<!DOCTYPE html PUBLIC "-//W3C//DTD XHTML 1.0 Transitional//EN"
    "http://www.w3.org/TR/xhtml1/DTD/xhtml1-transitional.dtd">
<html xmlns="http://www.w3.org/1999/xhtml" xml:lang="en" lang="en">
 <head>
  <title>
</title>
<meta http-equiv="Content-Type" content="text/html;charset=utf-8" />
  <meta name='ocr-system' content='tesseract 3.04.00' />
  <meta name='ocr-capabilities' content='ocr_page ocr_carea ocr_par ocr_line ocrx_word'/>
</head>
<body>
  <div class='ocr_page' id='page_1' title='image "./corporishaerese06oehlgoog_0152.png"; bbox 0 0 3185 5219; ppageno 0'>
   <div class='ocr_carea' id='block_1_1' title="bbox 610 374 818 430">
    <p class='ocr_par' dir='ltr' id='par_1_1' title="bbox 610 374 818 430">
     <span class='ocr_line' id='line_1_1' title="bbox 610 374 818 430; baseline 0 0"><span class='ocrx_word' id='word_1_1' title='bbox 610 374 818 430; x_wconf 82' lang='lat' dir='ltr'>CXLIV</span> 
     </span>
    </p>
   </div>
   <div class='ocr_carea' id='block_1_2' title="bbox 604 529 2942 1288">
    <p class='ocr_par' dir='ltr' id='par_1_2' title="bbox 604 529 2942 1288">
     <span class='ocr_line' id='line_1_2' title="bbox 607 529 2938 603; baseline 0.001 -19"><span class='ocrx_word' id='word_1_2' title='bbox 607 530 669 584; x_wconf 91' lang='lat' dir='ltr'><strong>In</strong></span> <span class='ocrx_word' id='word_1_3' title='bbox 692 535 879 602; x_wconf 84' lang='lat' dir='ltr'><strong>quarta</strong></span> <span class='ocrx_word' id='word_1_4' title='bbox 898 530 1073 585; x_wconf 89' lang='lat' dir='ltr'><strong>addito</strong></span> <span class='ocrx_word' id='word_1_5' title='bbox 1096 531 1178 584; x_wconf 84' lang='lat' dir='ltr'><strong>die</strong></span> <span class='ocrx_word' id='word_1_6' title='bbox 1200 529 1368 584; x_wconf 85' lang='lat' dir='ltr'><strong>solido</strong></span> <span class='ocrx_word' id='word_1_7' title='bbox 1394 535 1596 585; x_wconf 81' lang='lat' dir='ltr'><strong>restant</strong></span> <span class='ocrx_word' id='word_1_8' title='bbox 1617 529 1728 586; x_wconf 83' lang='lat' dir='ltr'><strong>hor.</strong></span> <span class='ocrx_word' id='word_1_9' title='bbox 1746 532 1797 585; x_wconf 83' lang='lat'><strong>4.</strong></span> <span class='ocrx_word' id='word_1_10' title='bbox 1859 531 1987 586; x_wconf 82' lang='lat' dir='ltr'><strong>Post</strong></span> <span class='ocrx_word' id='word_1_11' title='bbox 2007 532 2246 603; x_wconf 78' lang='lat' dir='ltr'><strong>quintam</strong></span> <span class='ocrx_word' id='word_1_12' title='bbox 2267 531 2854 588; x_wconf 57' lang='lat' dir='ltr'><strong>ussarabcaitaridum</strong></span> <span class='ocrx_word' id='word_1_13' title='bbox 2879 532 2938 586; x_wconf 88' lang='lat'><strong>14</strong></span> 
     </span>
     <span class='ocr_line' id='line_1_3' title="bbox 608 614 2937 689; baseline 0.002 -21"><span class='ocrx_word' id='word_1_14' title='bbox 608 614 765 670; x_wconf 81' lang='lat' dir='ltr'><strong>horae</strong></span> <span class='ocrx_word' id='word_1_15' title='bbox 788 624 1079 688; x_wconf 80' lang='lat' dir='ltr'><strong>supersunt.</strong></span> <span class='ocrx_word' id='word_1_16' title='bbox 1125 616 1183 669; x_wconf 90' lang='lat' dir='ltr'><strong>In</strong></span> <span class='ocrx_word' id='word_1_17' title='bbox 1208 623 1361 669; x_wconf 75' lang='lat' dir='ltr'><strong>sexta</strong></span> <span class='ocrx_word' id='word_1_18' title='bbox 1382 616 1493 669; x_wconf 85' lang='lat' dir='ltr'><strong>dies</strong></span> <span class='ocrx_word' id='word_1_19' title='bbox 1516 633 1655 670; x_wconf 86' lang='lat' dir='ltr'><strong>unus</strong></span> <span class='ocrx_word' id='word_1_20' title='bbox 1679 617 1943 671; x_wconf 69' lang='lat' dir='ltr'><strong>eximitur.</strong></span> <span class='ocrx_word' id='word_1_21' title='bbox 1969 617 2321 689; x_wconf 81' lang='lat' dir='ltr'><strong>·Golliguntur</strong></span> <span class='ocrx_word' id='word_1_22' title='bbox 2343 618 2454 672; x_wconf 84' lang='lat' dir='ltr'><strong>dies</strong></span> <span class='ocrx_word' id='word_1_23' title='bbox 2475 617 2666 672; x_wconf 85' lang='grc'><strong>30650.</strong></span> <span class='ocrx_word' id='word_1_24' title='bbox 2711 618 2937 673; x_wconf 75' lang='lat' dir='ltr'><strong>Adiectis</strong></span> 
     </span>
     <span class='ocr_line' id='line_1_4' title="bbox 604 701 2938 775; baseline 0.001 -20"><span class='ocrx_word' id='word_1_25' title='bbox 604 701 790 756; x_wconf 81' lang='lat' dir='ltr'><strong>diebus</strong></span> <span class='ocrx_word' id='word_1_26' title='bbox 806 701 890 756; x_wconf 81' lang='grc'><strong>30.</strong></span> <span class='ocrx_word' id='word_1_27' title='bbox 911 701 1047 755; x_wconf 86' lang='lat' dir='ltr'><strong>fiunt</strong></span> <span class='ocrx_word' id='word_1_28' title='bbox 1063 701 1248 755; x_wconf 84' lang='grc'><strong>30680.</strong></span> <span class='ocrx_word' id='word_1_29' title='bbox 1282 701 1454 766; x_wconf 81' lang='lat' dir='ltr'><strong>Quare</strong></span> <span class='ocrx_word' id='word_1_30' title='bbox 1476 702 1630 755; x_wconf 84' lang='lat' dir='ltr'><strong>annis</strong></span> <span class='ocrx_word' id='word_1_31' title='bbox 1660 701 1757 755; x_wconf 90' lang='grc'><strong>168</strong></span> <span class='ocrx_word' id='word_1_32' title='bbox 1781 703 1892 756; x_wconf 83' lang='lat' dir='ltr'><strong>dies</strong></span> <span class='ocrx_word' id='word_1_33' title='bbox 1914 719 2051 756; x_wconf 78' lang='lat' dir='ltr'><strong>unus</strong></span> <span class='ocrx_word' id='word_1_34' title='bbox 2075 704 2337 759; x_wconf 81' lang='lat' dir='ltr'><strong>eximitur.</strong></span> <span class='ocrx_word' id='word_1_35' title='bbox 2374 704 2486 758; x_wconf 83' lang='lat' dir='ltr'><strong>Hoc</strong></span> <span class='ocrx_word' id='word_1_36' title='bbox 2508 705 2652 758; x_wconf 81' lang='lat' dir='ltr'><strong>euim</strong></span> <span class='ocrx_word' id='word_1_37' title='bbox 2675 709 2938 775; x_wconf 80' lang='lat' dir='ltr'><strong>spectasse</strong></span> 
     </span>
     <span class='ocr_line' id='line_1_5' title="bbox 606 785 2940 861; baseline 0.002 -23"><span class='ocrx_word' id='word_1_38' title='bbox 606 785 828 841; x_wconf 87' lang='lat' dir='ltr'><strong>Iudaeos</strong></span> <span class='ocrx_word' id='word_1_39' title='bbox 849 787 1101 858; x_wconf 83' lang='lat' dir='ltr'><strong>Keplerus</strong></span> <span class='ocrx_word' id='word_1_40' title='bbox 1125 788 1418 851; x_wconf 79' lang='lat' dir='ltr'><strong>existimat,</strong></span> <span class='ocrx_word' id='word_1_41' title='bbox 1453 793 1513 840; x_wconf 85' lang='lat' dir='ltr'><strong>ut</strong></span> <span class='ocrx_word' id='word_1_42' title='bbox 1544 787 1685 858; x_wconf 86' lang='lat' dir='ltr'><strong>quod</strong></span> <span class='ocrx_word' id='word_1_43' title='bbox 1715 804 1917 842; x_wconf 86' lang='lat' dir='ltr'><strong>annum</strong></span> <span class='ocrx_word' id='word_1_44' title='bbox 1939 788 1962 840; x_wconf 92' lang='lat'>1</span> <span class='ocrx_word' id='word_1_45' title='bbox 1969 789 2203 843; x_wconf 81' lang='lat' dir='ltr'><strong>alianum</strong></span> <span class='ocrx_word' id='word_1_46' title='bbox 2235 790 2433 843; x_wconf 78' lang='lat' dir='ltr'><strong>scirent</strong></span> <span class='ocrx_word' id='word_1_47' title='bbox 2460 790 2666 861; x_wconf 82' lang='lat' dir='ltr'><strong>tropico</strong></span> <span class='ocrx_word' id='word_1_48' title='bbox 2688 790 2940 843; x_wconf 64' lang='lat' dir='ltr'><strong>maiorm</strong></span> 
     </span>
     <span class='ocr_line' id='line_1_6' title="bbox 607 873 2939 944; baseline 0.001 -19"><span class='ocrx_word' id='word_1_49' title='bbox 607 888 750 938; x_wconf 82' lang='lat' dir='ltr'><strong>esse,</strong></span> <span class='ocrx_word' id='word_1_50' title='bbox 775 889 944 944; x_wconf 87' lang='lat' dir='ltr'><strong>neque</strong></span> <span class='ocrx_word' id='word_1_51' title='bbox 960 873 1026 927; x_wconf 88' lang='lat' dir='ltr'><strong>de</strong></span> <span class='ocrx_word' id='word_1_52' title='bbox 1041 873 1228 943; x_wconf 76' lang='lat' dir='ltr'><strong>tropici</strong></span> <span class='ocrx_word' id='word_1_53' title='bbox 1251 873 1540 943; x_wconf 73' lang='lat' dir='ltr'><strong>quantitate</strong></span> <span class='ocrx_word' id='word_1_54' title='bbox 1563 878 1852 938; x_wconf 80' lang='lat' dir='ltr'><strong>constaret,</strong></span> <span class='ocrx_word' id='word_1_55' title='bbox 1875 874 1930 927; x_wconf 84' lang='lat' dir='ltr'><strong>in</strong></span> <span class='ocrx_word' id='word_1_56' title='bbox 1953 874 2105 928; x_wconf 80' lang='lat' dir='ltr'><strong>annis</strong></span> <span class='ocrx_word' id='word_1_57' title='bbox 2128 873 2223 928; x_wconf 98' lang='grc'><strong>168</strong></span> <span class='ocrx_word' id='word_1_58' title='bbox 2246 875 2386 929; x_wconf 85' lang='lat' dir='ltr'><strong>diem</strong></span> <span class='ocrx_word' id='word_1_59' title='bbox 2407 891 2573 930; x_wconf 81' lang='lat' dir='ltr'><strong>unum</strong></span> <span class='ocrx_word' id='word_1_60' title='bbox 2590 874 2939 938; x_wconf 56' lang='lat' dir='ltr'><strong>detrahor-&lt;mn</strong></span> 
     </span>
     <span class='ocr_line' id='line_1_7' title="bbox 606 957 2939 1032; baseline 0.002 -22"><span class='ocrx_word' id='word_1_61' title='bbox 606 957 699 1028; x_wconf 82' lang='lat' dir='ltr'><strong>qui</strong></span> <span class='ocrx_word' id='word_1_62' title='bbox 733 964 859 1012; x_wconf 86' lang='lat' dir='ltr'><strong>sunt</strong></span> <span class='ocrx_word' id='word_1_63' title='bbox 891 959 1027 1028; x_wconf 77' lang='lat' dir='ltr'><strong>cycli</strong></span> <span class='ocrx_word' id='word_1_64' title='bbox 1059 959 1287 1012; x_wconf 83' lang='lat' dir='ltr'><strong>minores</strong></span> <span class='ocrx_word' id='word_1_65' title='bbox 1310 976 1416 1024; x_wconf 74' lang='grc' dir='ltr'><strong>ιιι,</strong></span> <span class='ocrx_word' id='word_1_66' title='bbox 1449 959 1679 1012; x_wconf 85' lang='lat' dir='ltr'><strong>maiores</strong></span> <span class='ocrx_word' id='word_1_67' title='bbox 1703 976 1760 1012; x_wconf 88' lang='grc' dir='ltr'><strong>ιι.</strong></span> <span class='ocrx_word' id='word_1_68' title='bbox 1827 957 1962 1012; x_wconf 88' lang='lat' dir='ltr'><strong>Nam</strong></span> <span class='ocrx_word' id='word_1_69' title='bbox 1993 959 2090 1013; x_wconf 90' lang='grc'><strong>168</strong></span> <span class='ocrx_word' id='word_1_70' title='bbox 2116 960 2307 1015; x_wconf 76' lang='lat' dir='ltr'><strong>Iuliani</strong></span> <span class='ocrx_word' id='word_1_71' title='bbox 2327 961 2438 1014; x_wconf 84' lang='lat' dir='ltr'><strong>dies</strong></span> <span class='ocrx_word' id='word_1_72' title='bbox 2461 961 2738 1032; x_wconf 74' lang='lat' dir='ltr'><strong>postulant</strong></span> <span class='ocrx_word' id='word_1_73' title='bbox 2758 958 2939 1014; x_wconf 82' lang='grc'><strong>61362.</strong></span> 
     </span>
     <span class='ocr_line' id='line_1_8' title="bbox 606 1043 2940 1117; baseline 0.002 -22"><span class='ocrx_word' id='word_1_74' title='bbox 606 1045 675 1096; x_wconf 80' lang='lat' dir='ltr'><strong>At</strong></span> <span class='ocrx_word' id='word_1_75' title='bbox 697 1044 831 1113; x_wconf 89' lang='lat' dir='ltr'><strong>cycli</strong></span> <span class='ocrx_word' id='word_1_76' title='bbox 848 1043 951 1097; x_wconf 88' lang='lat' dir='ltr'><strong>duo</strong></span> <span class='ocrx_word' id='word_1_77' title='bbox 974 1045 1227 1113; x_wconf 82' lang='lat' dir='ltr'><strong>maiores,</strong></span> <span class='ocrx_word' id='word_1_78' title='bbox 1253 1051 1307 1097; x_wconf 88' lang='lat' dir='ltr'><strong>et</strong></span> <span class='ocrx_word' id='word_1_79' title='bbox 1334 1043 1430 1097; x_wconf 92' lang='grc'><strong>168</strong></span> <span class='ocrx_word' id='word_1_80' title='bbox 1447 1045 1572 1097; x_wconf 89' lang='lat' dir='ltr'><strong>anni</strong></span> <span class='ocrx_word' id='word_1_81' title='bbox 1592 1045 1803 1115; x_wconf 78' lang='lat' dir='ltr'>tropici,</span> <span class='ocrx_word' id='word_1_82' title='bbox 1826 1045 1937 1099; x_wconf 88' lang='lat' dir='ltr'><strong>dies</strong></span> <span class='ocrx_word' id='word_1_83' title='bbox 1953 1045 2138 1099; x_wconf 82' lang='grc'><strong>31361.</strong></span> <span class='ocrx_word' id='word_1_84' title='bbox 2171 1045 2253 1100; x_wconf 85' lang='lat' dir='ltr'><strong>Ita</strong></span> <span class='ocrx_word' id='word_1_85' title='bbox 2274 1046 2484 1117; x_wconf 83' lang='lat' dir='ltr'><strong>quidem</strong></span> <span class='ocrx_word' id='word_1_86' title='bbox 2505 1046 2688 1100; x_wconf 73' lang='lat' dir='ltr'><strong>Iudaei</strong></span> <span class='ocrx_word' id='word_1_87' title='bbox 2708 1052 2834 1117; x_wconf 76' lang='lat' dir='ltr'><strong>post</strong></span> <span class='ocrx_word' id='word_1_88' title='bbox 2851 1061 2940 1099; x_wconf 76' lang='lat' dir='ltr'><strong>an-</strong></span> 
     </span>
     <span class='ocr_line' id='line_1_9' title="bbox 606 1128 2941 1200; baseline 0.002 -19"><span class='ocrx_word' id='word_1_89' title='bbox 606 1143 705 1181; x_wconf 84' lang='lat' dir='ltr'><strong>nos</strong></span> <span class='ocrx_word' id='word_1_90' title='bbox 730 1128 797 1182; x_wconf 87' lang='lat'><strong>84</strong></span> <span class='ocrx_word' id='word_1_91' title='bbox 818 1129 1000 1182; x_wconf 80' lang='lat' dir='ltr'><strong>lunam</strong></span> <span class='ocrx_word' id='word_1_92' title='bbox 1024 1145 1146 1182; x_wconf 81' lang='lat' dir='ltr'><strong>cum</strong></span> <span class='ocrx_word' id='word_1_93' title='bbox 1167 1130 1278 1183; x_wconf 88' lang='lat' dir='ltr'><strong>sole</strong></span> <span class='ocrx_word' id='word_1_94' title='bbox 1300 1129 1446 1200; x_wconf 78' lang='lat' dir='ltr'><strong>paris</strong></span> <span class='ocrx_word' id='word_1_95' title='bbox 1467 1130 1641 1183; x_wconf 78' lang='lat' dir='ltr'><strong>facere</strong></span> <span class='ocrx_word' id='word_1_96' title='bbox 1665 1130 1766 1184; x_wconf 88' lang='lat' dir='ltr'><strong>sibi</strong></span> <span class='ocrx_word' id='word_1_97' title='bbox 1788 1137 2170 1200; x_wconf 82' lang='lat' dir='ltr'><strong>persuaserant.</strong></span> <span class='ocrx_word' id='word_1_98' title='bbox 2217 1131 2324 1186; x_wconf 83' lang='lat' dir='ltr'><strong>Sed</strong></span> <span class='ocrx_word' id='word_1_99' title='bbox 2345 1149 2454 1186; x_wconf 93' lang='lat' dir='ltr'><strong>non</strong></span> <span class='ocrx_word' id='word_1_100' title='bbox 2474 1133 2552 1186; x_wconf 86' lang='lat' dir='ltr'><strong>ita</strong></span> <span class='ocrx_word' id='word_1_101' title='bbox 2571 1138 2667 1186; x_wconf 75' lang='lat' dir='ltr'><strong>ost.</strong></span> <span class='ocrx_word' id='word_1_102' title='bbox 2716 1131 2854 1185; x_wconf 84' lang='lat' dir='ltr'><strong>Nam</strong></span> <span class='ocrx_word' id='word_1_103' title='bbox 2874 1129 2941 1184; x_wconf 78' lang='lat'><strong>84</strong></span> 
     </span>
     <span class='ocr_line' id='line_1_10' title="bbox 606 1212 2942 1288; baseline 0 -21"><span class='ocrx_word' id='word_1_104' title='bbox 606 1215 732 1267; x_wconf 87' lang='lat' dir='ltr'><strong>anni</strong></span> <span class='ocrx_word' id='word_1_105' title='bbox 770 1216 1006 1279; x_wconf 79' lang='lat' dir='ltr'><strong>lunares,</strong></span> <span class='ocrx_word' id='word_1_106' title='bbox 1048 1212 1146 1269; x_wconf 85' lang='lat' dir='ltr'><strong>hoe</strong></span> <span class='ocrx_word' id='word_1_107' title='bbox 1187 1220 1268 1268; x_wconf 86' lang='lat' dir='ltr'><strong>est</strong></span> <span class='ocrx_word' id='word_1_108' title='bbox 1305 1216 1438 1284; x_wconf 89' lang='lat' dir='ltr'><strong>cycli</strong></span> <span class='ocrx_word' id='word_1_109' title='bbox 1479 1215 1977 1270; x_wconf 77' lang='lat' dir='ltr'><strong>decemnovennales</strong></span> <span class='ocrx_word' id='word_1_110' title='bbox 1999 1218 2035 1270; x_wconf 91' lang='lat'>4</span> <span class='ocrx_word' id='word_1_111' title='bbox 2069 1233 2190 1271; x_wconf 81' lang='lat' dir='ltr'><strong>cum</strong></span> <span class='ocrx_word' id='word_1_112' title='bbox 2223 1218 2534 1272; x_wconf 76' lang='lat' dir='ltr'><strong>octaeteride</strong></span> <span class='ocrx_word' id='word_1_113' title='bbox 2567 1218 2679 1271; x_wconf 76' lang='lat' dir='ltr'><strong>dies</strong></span> <span class='ocrx_word' id='word_1_114' title='bbox 2719 1217 2942 1288; x_wconf 77' lang='lat' dir='ltr'><strong>exigunt</strong></span> 
     </span>
    </p>
   </div>
   <div class='ocr_carea' id='block_1_3' title="bbox 516 1297 2940 1370">
    <p class='ocr_par' dir='ltr' id='par_1_3' title="bbox 516 1297 2940 1370">
     <span class='ocr_line' id='line_1_11' title="bbox 516 1297 2940 1370; baseline 0.001 -18"><span class='ocrx_word' id='word_1_115' title='bbox 516 1300 523 1306; x_wconf 83' lang='lat'><em>&#39;</em></span> <span class='ocrx_word' id='word_1_116' title='bbox 602 1299 800 1365; x_wconf 83' lang='grc'><strong>30682,</strong></span> <span class='ocrx_word' id='word_1_117' title='bbox 832 1297 945 1353; x_wconf 86' lang='lat' dir='ltr'><strong>hor.</strong></span> <span class='ocrx_word' id='word_1_118' title='bbox 970 1299 1018 1354; x_wconf 89' lang='grc'><strong>6.</strong></span> <span class='ocrx_word' id='word_1_119' title='bbox 1042 1297 1127 1353; x_wconf 85' lang='grc'><strong>51’</strong></span> <span class='ocrx_word' id='word_1_120' title='bbox 1151 1301 1278 1354; x_wconf 78' lang='lat' dir='ltr'><strong>fere.</strong></span> <span class='ocrx_word' id='word_1_121' title='bbox 1346 1300 1641 1354; x_wconf 82' lang='lat' dir='ltr'><strong>Discrimen</strong></span> <span class='ocrx_word' id='word_1_122' title='bbox 1676 1319 1708 1355; x_wconf 91' lang='lat' dir='ltr'><strong>a</strong></span> <span class='ocrx_word' id='word_1_123' title='bbox 1739 1302 1955 1356; x_wconf 82' lang='lat' dir='ltr'><strong>Iulianis</strong></span> <span class='ocrx_word' id='word_1_124' title='bbox 1990 1302 2142 1356; x_wconf 77' lang='lat' dir='ltr'><strong>annis</strong></span> <span class='ocrx_word' id='word_1_125' title='bbox 2175 1302 2245 1357; x_wconf 79' lang='lat'><strong>84</strong></span> <span class='ocrx_word' id='word_1_126' title='bbox 2276 1309 2360 1358; x_wconf 79' lang='lat' dir='ltr'><strong>est</strong></span> <span class='ocrx_word' id='word_1_127' title='bbox 2391 1304 2496 1358; x_wconf 83' lang='lat' dir='ltr'><strong>diei</strong></span> <span class='ocrx_word' id='word_1_128' title='bbox 2521 1304 2575 1370; x_wconf 87' lang='lat'><strong>1,</strong></span> <span class='ocrx_word' id='word_1_129' title='bbox 2609 1301 2724 1359; x_wconf 74' lang='lat' dir='ltr'><strong>hor.</strong></span> <span class='ocrx_word' id='word_1_130' title='bbox 2753 1303 2806 1356; x_wconf 89' lang='grc'><strong>6.</strong></span> <span class='ocrx_word' id='word_1_131' title='bbox 2836 1299 2940 1356; x_wconf 83' lang='grc'><strong>51’.</strong></span> 
     </span>
    </p>
   </div>
   <div class='ocr_carea' id='block_1_4' title="bbox 399 2173 549 2224">
    <p class='ocr_par' dir='ltr' id='par_1_4' title="bbox 399 2173 549 2224">
     <span class='ocr_line' id='line_1_12' title="bbox 399 2173 549 2224; baseline 0.007 -10"><span class='ocrx_word' id='word_1_132' title='bbox 399 2185 442 2224; x_wconf 83' lang='lat' dir='ltr'><strong>p.</strong></span> <span class='ocrx_word' id='word_1_133' title='bbox 462 2173 549 2216; x_wconf 79' lang='grc'><strong>162.</strong></span> 
     </span>
    </p>
   </div>
   <div class='ocr_carea' id='block_1_5' title="bbox 584 1384 2942 4709">
    <p class='ocr_par' dir='ltr' id='par_1_5' title="bbox 584 1384 2942 4709">
     <span class='ocr_line' id='line_1_13' title="bbox 604 1384 2828 1459; baseline 0.002 -20"><span class='ocrx_word' id='word_1_134' title='bbox 604 1384 773 1449; x_wconf 86' lang='lat' dir='ltr'><strong>Quare</strong></span> <span class='ocrx_word' id='word_1_135' title='bbox 798 1385 954 1440; x_wconf 88' lang='lat' dir='ltr'><strong>biduo</strong></span> <span class='ocrx_word' id='word_1_136' title='bbox 976 1384 1353 1457; x_wconf 73' lang='lat' dir='ltr'><strong>propemodum</strong></span> <span class='ocrx_word' id='word_1_137' title='bbox 1373 1387 1682 1440; x_wconf 76' lang='lat' dir='ltr'><strong>neomeniae</strong></span> <span class='ocrx_word' id='word_1_138' title='bbox 1705 1387 1951 1458; x_wconf 78' lang='lat' dir='ltr'><strong>politicae</strong></span> <span class='ocrx_word' id='word_1_139' title='bbox 1973 1388 2325 1459; x_wconf 83' lang='lat' dir='ltr'><strong>anticipantur</strong></span> <span class='ocrx_word' id='word_1_140' title='bbox 2347 1389 2404 1443; x_wconf 85' lang='lat' dir='ltr'><strong>in</strong></span> <span class='ocrx_word' id='word_1_141' title='bbox 2427 1390 2576 1459; x_wconf 86' lang='lat' dir='ltr'><strong>cyclo</strong></span> <span class='ocrx_word' id='word_1_142' title='bbox 2599 1388 2828 1444; x_wconf 82' lang='lat' dir='ltr'><strong>Iudaico.</strong></span> 
     </span>
     <span class='ocr_line' id='line_1_14' title="bbox 739 1470 2939 1544; baseline 0.002 -20"><span class='ocrx_word' id='word_1_143' title='bbox 739 1471 881 1524; x_wconf 85' lang='lat' dir='ltr'><strong>Haec</strong></span> <span class='ocrx_word' id='word_1_144' title='bbox 898 1471 1201 1525; x_wconf 77' lang='lat' dir='ltr'><strong>summatim</strong></span> <span class='ocrx_word' id='word_1_145' title='bbox 1216 1470 1494 1541; x_wconf 79' lang='lat' dir='ltr'><strong>Keplerus3</strong></span> <span class='ocrx_word' id='word_1_146' title='bbox 1520 1473 1612 1543; x_wconf 88' lang='lat' dir='ltr'><strong>qui</strong></span> <span class='ocrx_word' id='word_1_147' title='bbox 1633 1473 1688 1526; x_wconf 89' lang='lat' dir='ltr'><strong>in</strong></span> <span class='ocrx_word' id='word_1_148' title='bbox 1708 1472 1907 1527; x_wconf 81' lang='lat' dir='ltr'><strong>Graeco</strong></span> <span class='ocrx_word' id='word_1_149' title='bbox 1927 1479 2177 1528; x_wconf 82' lang='lat' dir='ltr'><strong>contextu</strong></span> <span class='ocrx_word' id='word_1_150' title='bbox 2197 1475 2455 1529; x_wconf 85' lang='lat' dir='ltr'><strong>nonnulla</strong></span> <span class='ocrx_word' id='word_1_151' title='bbox 2475 1479 2780 1540; x_wconf 67' lang='lat' dir='ltr'><strong>commutat,</strong></span> <span class='ocrx_word' id='word_1_152' title='bbox 2805 1489 2939 1544; x_wconf 81' lang='lat' dir='ltr'><strong>quae</strong></span> 
     </span>
     <span class='ocr_line' id='line_1_15' title="bbox 604 1552 2938 1631; baseline 0.002 -21"><span class='ocrx_word' id='word_1_153' title='bbox 604 1552 760 1627; x_wconf 78' lang='lat' dir='ltr'><strong>&#39;paulo</strong></span> <span class='ocrx_word' id='word_1_154' title='bbox 784 1562 906 1628; x_wconf 82' lang='lat' dir='ltr'><strong>post</strong></span> <span class='ocrx_word' id='word_1_155' title='bbox 926 1556 1307 1611; x_wconf 84' lang='lat' dir='ltr'><strong>adnotabimus.</strong></span> <span class='ocrx_word' id='word_1_156' title='bbox 1344 1557 1502 1626; x_wconf 82' lang='lat' dir='ltr'><strong>Atqui</strong></span> <span class='ocrx_word' id='word_1_157' title='bbox 1520 1557 1624 1612; x_wconf 90' lang='lat' dir='ltr'><strong>duo</strong></span> <span class='ocrx_word' id='word_1_158' title='bbox 1640 1564 1768 1612; x_wconf 85' lang='lat' dir='ltr'><strong>sunt</strong></span> <span class='ocrx_word' id='word_1_159' title='bbox 1786 1560 1843 1613; x_wconf 91' lang='lat' dir='ltr'><strong>in</strong></span> <span class='ocrx_word' id='word_1_160' title='bbox 1866 1560 1979 1613; x_wconf 92' lang='lat' dir='ltr'><strong>eius</strong></span> <span class='ocrx_word' id='word_1_161' title='bbox 2001 1560 2203 1614; x_wconf 80' lang='lat' dir='ltr'><strong>ratione</strong></span> <span class='ocrx_word' id='word_1_162' title='bbox 2226 1576 2362 1631; x_wconf 83' lang='lat' dir='ltr'><strong>quae</strong></span> <span class='ocrx_word' id='word_1_163' title='bbox 2384 1558 2516 1614; x_wconf 79' lang='lat' dir='ltr'><strong>mihi</strong></span> <span class='ocrx_word' id='word_1_164' title='bbox 2535 1576 2647 1629; x_wconf 88' lang='lat' dir='ltr'><strong>non</strong></span> <span class='ocrx_word' id='word_1_165' title='bbox 2668 1561 2800 1614; x_wconf 85' lang='lat' dir='ltr'><strong>satis</strong></span> <span class='ocrx_word' id='word_1_166' title='bbox 2821 1576 2938 1630; x_wconf 87' lang='lat' dir='ltr'><strong>pro·</strong></span> 
     </span>
     <span class='ocr_line' id='line_1_16' title="bbox 602 1641 2941 1714; baseline 0.001 -18"><span class='ocrx_word' id='word_1_167' title='bbox 602 1644 811 1697; x_wconf 79' lang='lat' dir='ltr'><strong>bantur.</strong></span> <span class='ocrx_word' id='word_1_168' title='bbox 880 1641 1113 1695; x_wconf 86' lang='lat' dir='ltr'><strong>Primum</strong></span> <span class='ocrx_word' id='word_1_169' title='bbox 1144 1642 1287 1695; x_wconf 85' lang='lat' dir='ltr'><strong>enim</strong></span> <span class='ocrx_word' id='word_1_170' title='bbox 1319 1658 1440 1696; x_wconf 84' lang='lat' dir='ltr'><strong>cum</strong></span> <span class='ocrx_word' id='word_1_171' title='bbox 1467 1642 1789 1714; x_wconf 83' lang='lat' dir='ltr'><strong>Epiphanius</strong></span> <span class='ocrx_word' id='word_1_172' title='bbox 1821 1644 1959 1698; x_wconf 85' lang='lat' dir='ltr'><strong>dicat</strong></span> <span class='ocrx_word' id='word_1_173' title='bbox 1989 1645 2211 1700; x_wconf 59' lang='lat' dir='ltr'><strong>Iumos</strong></span> <span class='ocrx_word' id='word_1_174' title='bbox 2245 1645 2312 1698; x_wconf 84' lang='lat' dir='ltr'><strong>de</strong></span> <span class='ocrx_word' id='word_1_175' title='bbox 2343 1646 2472 1700; x_wconf 79' lang='lat' dir='ltr'><strong>solis</strong></span> <span class='ocrx_word' id='word_1_176' title='bbox 2507 1661 2691 1711; x_wconf 86' lang='lat' dir='ltr'><strong>cursu,</strong></span> <span class='ocrx_word' id='word_1_177' title='bbox 2725 1644 2828 1700; x_wconf 87' lang='lat' dir='ltr'><strong>hoc</strong></span> <span class='ocrx_word' id='word_1_178' title='bbox 2860 1651 2941 1699; x_wconf 81' lang='lat' dir='ltr'><strong>est</strong></span> 
     </span>
     <span class='ocr_line' id='line_1_17' title="bbox 604 1726 2939 1802; baseline 0.002 -22"><span class='ocrx_word' id='word_1_179' title='bbox 604 1726 705 1780; x_wconf 85' lang='grc'><strong>365</strong></span> <span class='ocrx_word' id='word_1_180' title='bbox 718 1728 780 1796; x_wconf 66' lang='lat'><strong>¹!⁴</strong></span> <span class='ocrx_word' id='word_1_181' title='bbox 803 1726 987 1780; x_wconf 84' lang='lat' dir='ltr'><strong>horam</strong></span> <span class='ocrx_word' id='word_1_182' title='bbox 1010 1727 1253 1781; x_wconf 79' lang='lat' dir='ltr'><strong>decedere</strong></span> <span class='ocrx_word' id='word_1_183' title='bbox 1266 1767 1280 1792; x_wconf 91' lang='lat'>‚</span> <span class='ocrx_word' id='word_1_184' title='bbox 1312 1729 1423 1782; x_wconf 79' lang='lat' dir='ltr'><strong>sive</strong></span> <span class='ocrx_word' id='word_1_185' title='bbox 1457 1728 1819 1783; x_wconf 85' lang='lat' dir='ltr'><strong>duodecimam</strong></span> <span class='ocrx_word' id='word_1_186' title='bbox 1850 1735 1939 1783; x_wconf 77' lang='grc' dir='ltr'><strong>τοῦ</strong></span> <span class='ocrx_word' id='word_1_187' title='bbox 1969 1730 2275 1802; x_wconf 61' lang='grc' dir='ltr'><strong>νυχθήμερον.»</strong></span> <span class='ocrx_word' id='word_1_188' title='bbox 2305 1737 2536 1802; x_wconf 69' lang='lat' dir='ltr'><strong>partem,</strong></span> <span class='ocrx_word' id='word_1_189' title='bbox 2569 1731 2713 1802; x_wconf 87' lang='lat' dir='ltr'><strong>quod</strong></span> <span class='ocrx_word' id='word_1_190' title='bbox 2742 1732 2821 1784; x_wconf 77' lang='lat' dir='ltr'><strong>ita</strong></span> <span class='ocrx_word' id='word_1_191' title='bbox 2838 1730 2939 1785; x_wconf 77' lang='lat' dir='ltr'><strong>Ko-</strong></span> 
     </span>
     <span class='ocr_line' id='line_1_18' title="bbox 600 1813 2942 1885; baseline 0.002 -19"><span class='ocrx_word' id='word_1_192' title='bbox 600 1813 778 1883; x_wconf 78' lang='lat' dir='ltr'><strong>plerus</strong></span> <span class='ocrx_word' id='word_1_193' title='bbox 800 1813 1011 1884; x_wconf 81' lang='lat' dir='ltr'><strong>accipit,</strong></span> <span class='ocrx_word' id='word_1_194' title='bbox 1037 1818 1095 1865; x_wconf 86' lang='lat' dir='ltr'><strong>ut</strong></span> <span class='ocrx_word' id='word_1_195' title='bbox 1112 1813 1312 1867; x_wconf 87' lang='lat' dir='ltr'><strong>decimo</strong></span> <span class='ocrx_word' id='word_1_196' title='bbox 1333 1820 1519 1884; x_wconf 77' lang='lat' dir='ltr'><strong>quarto</strong></span> <span class='ocrx_word' id='word_1_197' title='bbox 1539 1831 1748 1885; x_wconf 86' lang='lat' dir='ltr'><strong>quoque</strong></span> <span class='ocrx_word' id='word_1_198' title='bbox 1764 1831 1904 1869; x_wconf 84' lang='lat' dir='ltr'><strong>anno</strong></span> <span class='ocrx_word' id='word_1_199' title='bbox 1921 1814 2079 1870; x_wconf 83' lang='lat' dir='ltr'><strong>horae</strong></span> <span class='ocrx_word' id='word_1_200' title='bbox 2095 1816 2217 1870; x_wconf 87' lang='lat' dir='ltr'><strong>illae</strong></span> <span class='ocrx_word' id='word_1_201' title='bbox 2234 1816 2368 1871; x_wconf 86' lang='lat' dir='ltr'><strong>duae</strong></span> <span class='ocrx_word' id='word_1_202' title='bbox 2388 1815 2778 1882; x_wconf 76' lang='lat' dir='ltr'><strong>subtrahantur,</strong></span> <span class='ocrx_word' id='word_1_203' title='bbox 2801 1816 2942 1870; x_wconf 75' lang='lat' dir='ltr'><strong>idem</strong></span> 
     </span>
     <span class='ocr_line' id='line_1_19' title="bbox 600 1899 2940 1973; baseline 0.003 -23"><span class='ocrx_word' id='word_1_204' title='bbox 600 1904 657 1950; x_wconf 82' lang='lat' dir='ltr'><strong>ot</strong></span> <span class='ocrx_word' id='word_1_205' title='bbox 678 1899 733 1950; x_wconf 84' lang='lat' dir='ltr'><strong>iu</strong></span> <span class='ocrx_word' id='word_1_206' title='bbox 755 1899 928 1951; x_wconf 87' lang='lat' dir='ltr'><strong>lunari</strong></span> <span class='ocrx_word' id='word_1_207' title='bbox 950 1915 1090 1952; x_wconf 85' lang='lat' dir='ltr'><strong>anno</strong></span> <span class='ocrx_word' id='word_1_208' title='bbox 1110 1899 1413 1969; x_wconf 72' lang='lat' dir='ltr'><strong>imprudens</strong></span> <span class='ocrx_word' id='word_1_209' title='bbox 1435 1900 1585 1964; x_wconf 63' lang='grc' dir='ltr'><strong>ἰωῆς</strong></span> <span class='ocrx_word' id='word_1_210' title='bbox 1612 1900 1750 1971; x_wconf 84' lang='lat' dir='ltr'><strong>quod</strong></span> <span class='ocrx_word' id='word_1_211' title='bbox 1771 1918 1943 1971; x_wconf 88' lang='lat' dir='ltr'><strong>neque</strong></span> <span class='ocrx_word' id='word_1_212' title='bbox 1963 1918 2147 1955; x_wconf 73' lang='lat' dir='ltr'><strong>verum</strong></span> <span class='ocrx_word' id='word_1_213' title='bbox 2169 1909 2276 1968; x_wconf 85' lang='lat' dir='ltr'><strong>est,</strong></span> <span class='ocrx_word' id='word_1_214' title='bbox 2306 1918 2406 1956; x_wconf 82' lang='lat' dir='ltr'><strong>neo</strong></span> <span class='ocrx_word' id='word_1_215' title='bbox 2426 1901 2752 1973; x_wconf 74' lang='lat' dir='ltr'><strong>Epiphanius</strong></span> <span class='ocrx_word' id='word_1_216' title='bbox 2775 1902 2940 1973; x_wconf 59' lang='lat' dir='ltr'><strong>signi·</strong></span> 
     </span>
     <span class='ocr_line' id='line_1_20' title="bbox 602 1982 2941 2059; baseline 0.003 -23"><span class='ocrx_word' id='word_1_217' title='bbox 602 1983 741 2037; x_wconf 79' lang='lat' dir='ltr'><strong>fleat.</strong></span> <span class='ocrx_word' id='word_1_218' title='bbox 786 1982 922 2037; x_wconf 84' lang='lat' dir='ltr'><strong>Nam</strong></span> <span class='ocrx_word' id='word_1_219' title='bbox 944 2000 1065 2037; x_wconf 86' lang='lat' dir='ltr'><strong>cum</strong></span> <span class='ocrx_word' id='word_1_220' title='bbox 1088 2002 1179 2038; x_wconf 80' lang='lat' dir='ltr'><strong>nv</strong></span> <span class='ocrx_word' id='word_1_221' title='bbox 1203 1984 1327 2037; x_wconf 80' lang='lat' dir='ltr'><strong>anni</strong></span> <span class='ocrx_word' id='word_1_222' title='bbox 1349 1986 1558 2039; x_wconf 80' lang='lat' dir='ltr'><strong>lunares</strong></span> <span class='ocrx_word' id='word_1_223' title='bbox 1582 1985 1854 2040; x_wconf 88' lang='lat' dir='ltr'><strong>duodecim</strong></span> <span class='ocrx_word' id='word_1_224' title='bbox 1875 1987 2033 2041; x_wconf 84' lang='lat' dir='ltr'><strong>horas</strong></span> <span class='ocrx_word' id='word_1_225' title='bbox 2055 2003 2216 2058; x_wconf 84' lang='lat' dir='ltr'><strong>supra</strong></span> <span class='ocrx_word' id='word_1_226' title='bbox 2235 1987 2371 2041; x_wconf 87' lang='grc'><strong>5108</strong></span> <span class='ocrx_word' id='word_1_227' title='bbox 2393 1987 2504 2042; x_wconf 84' lang='lat' dir='ltr'><strong>dies</strong></span> <span class='ocrx_word' id='word_1_228' title='bbox 2526 1988 2806 2059; x_wconf 80' lang='lat' dir='ltr'><strong>colligant,</strong></span> <span class='ocrx_word' id='word_1_229' title='bbox 2836 1988 2941 2042; x_wconf 73' lang='lat' dir='ltr'><strong>Re-</strong></span> 
     </span>
     <span class='ocr_line' id='line_1_21' title="bbox 600 2068 2939 2144; baseline 0.002 -23"><span class='ocrx_word' id='word_1_230' title='bbox 600 2070 776 2139; x_wconf 86' lang='lat' dir='ltr'><strong>plerus</strong></span> <span class='ocrx_word' id='word_1_231' title='bbox 800 2070 978 2122; x_wconf 87' lang='lat' dir='ltr'><strong>decem</strong></span> <span class='ocrx_word' id='word_1_232' title='bbox 1001 2075 1206 2123; x_wconf 85' lang='lat' dir='ltr'><strong>tantum</strong></span> <span class='ocrx_word' id='word_1_233' title='bbox 1227 2068 1383 2124; x_wconf 84' lang='lat' dir='ltr'><strong>horas</strong></span> <span class='ocrx_word' id='word_1_234' title='bbox 1406 2072 1669 2137; x_wconf 78' lang='lat' dir='ltr'><strong>attribuit,</strong></span> <span class='ocrx_word' id='word_1_235' title='bbox 1700 2078 1978 2143; x_wconf 84' lang='lat' dir='ltr'><strong>propterea</strong></span> <span class='ocrx_word' id='word_1_236' title='bbox 2010 2072 2150 2144; x_wconf 82' lang='lat' dir='ltr'><strong>quod</strong></span> <span class='ocrx_word' id='word_1_237' title='bbox 2177 2090 2207 2126; x_wconf 89' lang='lat' dir='ltr'><strong>e</strong></span> <span class='ocrx_word' id='word_1_238' title='bbox 2228 2072 2365 2126; x_wconf 89' lang='grc'><strong>5108</strong></span> <span class='ocrx_word' id='word_1_239' title='bbox 2387 2073 2571 2127; x_wconf 84' lang='lat' dir='ltr'><strong>diebus</strong></span> <span class='ocrx_word' id='word_1_240' title='bbox 2593 2071 2847 2144; x_wconf 70' lang='lat' dir='ltr'><strong>hor‘nque</strong></span> <span class='ocrx_word' id='word_1_241' title='bbox 2875 2072 2939 2126; x_wconf 87' lang='grc'><strong>12</strong></span> 
     </span>
     <span class='ocr_line' id='line_1_22' title="bbox 598 2154 2938 2230; baseline 0.002 -22"><span class='ocrx_word' id='word_1_242' title='bbox 598 2155 849 2209; x_wconf 80' lang='lat' dir='ltr'><strong>tredecim</strong></span> <span class='ocrx_word' id='word_1_243' title='bbox 866 2156 1016 2209; x_wconf 82' lang='lat' dir='ltr'><strong>annis</strong></span> <span class='ocrx_word' id='word_1_244' title='bbox 1033 2154 1250 2209; x_wconf 84' lang='lat' dir='ltr'><strong>Iulianis</strong></span> <span class='ocrx_word' id='word_1_245' title='bbox 1270 2156 1512 2209; x_wconf 81' lang='lat' dir='ltr'><strong>detractis</strong></span> <span class='ocrx_word' id='word_1_246' title='bbox 1524 2195 1538 2222; x_wconf 94' lang='lat'><strong>,</strong></span> <span class='ocrx_word' id='word_1_247' title='bbox 1563 2173 1683 2210; x_wconf 84' lang='lat' dir='ltr'><strong>cum</strong></span> <span class='ocrx_word' id='word_1_248' title='bbox 1706 2159 1899 2211; x_wconf 87' lang='lat' dir='ltr'><strong>residui</strong></span> <span class='ocrx_word' id='word_1_249' title='bbox 1923 2159 2028 2212; x_wconf 87' lang='lat' dir='ltr'><strong>sint</strong></span> <span class='ocrx_word' id='word_1_250' title='bbox 2045 2158 2155 2212; x_wconf 85' lang='lat' dir='ltr'><strong>dies</strong></span> <span class='ocrx_word' id='word_1_251' title='bbox 2171 2158 2222 2224; x_wconf 89' lang='grc'><strong>5,</strong></span> <span class='ocrx_word' id='word_1_252' title='bbox 2244 2156 2402 2212; x_wconf 82' lang='lat' dir='ltr'><strong>horae</strong></span> <span class='ocrx_word' id='word_1_253' title='bbox 2421 2159 2470 2224; x_wconf 92' lang='grc'><strong>2,</strong></span> <span class='ocrx_word' id='word_1_254' title='bbox 2492 2158 2589 2213; x_wconf 81' lang='lat' dir='ltr'><strong>has</strong></span> <span class='ocrx_word' id='word_1_255' title='bbox 2611 2160 2756 2230; x_wconf 82' lang='lat' dir='ltr'><strong>ipsas</strong></span> <span class='ocrx_word' id='word_1_256' title='bbox 2781 2157 2938 2213; x_wconf 79' lang='lat' dir='ltr'><strong>horas</strong></span> 
     </span>
     <span class='ocr_line' id='line_1_23' title="bbox 594 2240 2939 2315; baseline 0.002 -21"><span class='ocrx_word' id='word_1_257' title='bbox 594 2240 732 2295; x_wconf 79' lang='lat' dir='ltr'><strong>duas</strong></span> <span class='ocrx_word' id='word_1_258' title='bbox 755 2242 956 2295; x_wconf 83' lang='lat' dir='ltr'><strong>eximit.</strong></span> <span class='ocrx_word' id='word_1_259' title='bbox 1025 2240 1195 2306; x_wconf 80' lang='lat' dir='ltr'><strong>Quare</strong></span> <span class='ocrx_word' id='word_1_260' title='bbox 1224 2247 1337 2295; x_wconf 81' lang='lat' dir='ltr'><strong>tam</strong></span> <span class='ocrx_word' id='word_1_261' title='bbox 1365 2243 1420 2295; x_wconf 89' lang='lat' dir='ltr'><strong>in</strong></span> <span class='ocrx_word' id='word_1_262' title='bbox 1444 2242 1618 2296; x_wconf 79' lang='lat' dir='ltr'><strong>lunari</strong></span> <span class='ocrx_word' id='word_1_263' title='bbox 1639 2243 2160 2298; x_wconf 68' lang='lat' dir='ltr'><strong>tessaradecaeteride</strong></span> <span class='ocrx_word' id='word_1_264' title='bbox 2183 2260 2343 2315; x_wconf 80' lang='lat' dir='ltr'><strong>quam</strong></span> <span class='ocrx_word' id='word_1_265' title='bbox 2363 2246 2423 2298; x_wconf 84' lang='lat' dir='ltr'><strong>in</strong></span> <span class='ocrx_word' id='word_1_266' title='bbox 2440 2246 2650 2300; x_wconf 79' lang='lat' dir='ltr'><strong>Iuliana</strong></span> <span class='ocrx_word' id='word_1_267' title='bbox 2667 2245 2829 2299; x_wconf 79' lang='lat' dir='ltr'><strong>horas</strong></span> <span class='ocrx_word' id='word_1_268' title='bbox 2849 2243 2939 2298; x_wconf 79' lang='lat' dir='ltr'><strong>do-</strong></span> 
     </span>
     <span class='ocr_line' id='line_1_24' title="bbox 594 2325 2938 2401; baseline 0.002 -21"><span class='ocrx_word' id='word_1_269' title='bbox 594 2325 759 2380; x_wconf 73' lang='lat' dir='ltr'><strong>trahit</strong></span> <span class='ocrx_word' id='word_1_270' title='bbox 776 2327 906 2381; x_wconf 88' lang='lat' dir='ltr'><strong>duas</strong></span> <span class='ocrx_word' id='word_1_271' title='bbox 920 2367 934 2393; x_wconf 90' lang='lat'><strong>,</strong></span> <span class='ocrx_word' id='word_1_272' title='bbox 963 2326 1198 2398; x_wconf 85' lang='lat' dir='ltr'><strong>adeoque</strong></span> <span class='ocrx_word' id='word_1_273' title='bbox 1218 2335 1341 2398; x_wconf 86' lang='lat' dir='ltr'><strong>post</strong></span> <span class='ocrx_word' id='word_1_274' title='bbox 1360 2327 1457 2381; x_wconf 89' lang='grc'><strong>168</strong></span> <span class='ocrx_word' id='word_1_275' title='bbox 1474 2343 1642 2381; x_wconf 87' lang='lat' dir='ltr'><strong>annos</strong></span> <span class='ocrx_word' id='word_1_276' title='bbox 1660 2328 1934 2399; x_wconf 84' lang='lat' dir='ltr'><strong>utrobique</strong></span> <span class='ocrx_word' id='word_1_277' title='bbox 1951 2329 2064 2383; x_wconf 81' lang='lat' dir='ltr'><strong>dies</strong></span> <span class='ocrx_word' id='word_1_278' title='bbox 2079 2346 2218 2383; x_wconf 88' lang='lat' dir='ltr'><strong>unus</strong></span> <span class='ocrx_word' id='word_1_279' title='bbox 2234 2331 2535 2401; x_wconf 75' lang='lat' dir='ltr'><strong>perimitur-3</strong></span> <span class='ocrx_word' id='word_1_280' title='bbox 2557 2331 2702 2401; x_wconf 85' lang='lat' dir='ltr'><strong>quod</strong></span> <span class='ocrx_word' id='word_1_281' title='bbox 2717 2331 2776 2385; x_wconf 89' lang='lat' dir='ltr'><strong>in</strong></span> <span class='ocrx_word' id='word_1_282' title='bbox 2793 2346 2938 2384; x_wconf 79' lang='lat' dir='ltr'><strong>anno</strong></span> 
     </span>
     <span class='ocr_line' id='line_1_25' title="bbox 594 2413 2934 2488; baseline 0.002 -22"><span class='ocrx_word' id='word_1_283' title='bbox 594 2413 769 2466; x_wconf 79' lang='lat' dir='ltr'><strong>lunari</strong></span> <span class='ocrx_word' id='word_1_284' title='bbox 790 2429 1003 2483; x_wconf 85' lang='lat' dir='ltr'><strong>prorsus</strong></span> <span class='ocrx_word' id='word_1_285' title='bbox 1026 2420 1110 2466; x_wconf 83' lang='lat' dir='ltr'><strong>eet</strong></span> <span class='ocrx_word' id='word_1_286' title='bbox 1130 2413 1440 2466; x_wconf 85' lang='lat' dir='ltr'><strong>inauditum.</strong></span> <span class='ocrx_word' id='word_1_287' title='bbox 1511 2413 1772 2481; x_wconf 80' lang='lat' dir='ltr'><strong>Alterum,</strong></span> <span class='ocrx_word' id='word_1_288' title='bbox 1807 2415 1948 2484; x_wconf 88' lang='lat' dir='ltr'><strong>quod</strong></span> <span class='ocrx_word' id='word_1_289' title='bbox 1968 2414 2316 2487; x_wconf 73' lang='lat' dir='ltr'><strong>Epiphaniam</strong></span> <span class='ocrx_word' id='word_1_290' title='bbox 2349 2417 2623 2486; x_wconf 72' lang='lat' dir='ltr'><strong>scripsisse</strong></span> <span class='ocrx_word' id='word_1_291' title='bbox 2649 2423 2828 2488; x_wconf 72' lang='lat' dir='ltr'><strong>putat,</strong></span> <span class='ocrx_word' id='word_1_292' title='bbox 2862 2413 2934 2478; x_wconf 63' lang='lat' dir='ltr'><strong>‘te&#39;</strong></span> 
     </span>
     <span class='ocr_line' id='line_1_26' title="bbox 594 2496 2937 2574; baseline 0.003 -24"><span class='ocrx_word' id='word_1_293' title='bbox 594 2496 782 2570; x_wconf 66' lang='grc' dir='ltr'><strong>ἡμέρα,</strong></span> <span class='ocrx_word' id='word_1_294' title='bbox 806 2498 941 2569; x_wconf 79' lang='grc' dir='ltr'>παρὰ</span> <span class='ocrx_word' id='word_1_295' title='bbox 963 2497 1098 2569; x_wconf 76' lang='grc' dir='ltr'>ὥρας</span> <span class='ocrx_word' id='word_1_296' title='bbox 1123 2499 1238 2568; x_wconf 77' lang='grc' dir='ltr'><strong>δύο,</strong></span> <span class='ocrx_word' id='word_1_297' title='bbox 1262 2515 1356 2569; x_wconf 92' lang='lat' dir='ltr'><strong>pro</strong></span> <span class='ocrx_word' id='word_1_298' title='bbox 1381 2497 1466 2559; x_wconf 68' lang='lat' dir='ltr'><strong>tei</strong></span> <span class='ocrx_word' id='word_1_299' title='bbox 1481 2496 1660 2570; x_wconf 66' lang='grc' dir='ltr'><strong>ἡμέραι</strong></span> <span class='ocrx_word' id='word_1_300' title='bbox 1681 2496 1817 2571; x_wconf 73' lang='grc' dir='ltr'>παρὰ</span> <span class='ocrx_word' id='word_1_301' title='bbox 1842 2498 1977 2572; x_wconf 79' lang='grc' dir='ltr'>ὥραν</span> <span class='ocrx_word' id='word_1_302' title='bbox 2002 2500 2142 2572; x_wconf 76' lang='grc' dir='ltr'><strong>μίαν,</strong></span> <span class='ocrx_word' id='word_1_303' title='bbox 2175 2499 2276 2555; x_wconf 86' lang='lat' dir='ltr'><strong>hoc</strong></span> <span class='ocrx_word' id='word_1_304' title='bbox 2295 2508 2378 2556; x_wconf 86' lang='lat' dir='ltr'><strong>est</strong></span> <span class='ocrx_word' id='word_1_305' title='bbox 2399 2502 2558 2556; x_wconf 83' lang='lat' dir='ltr'><strong>horas</strong></span> <span class='ocrx_word' id='word_1_306' title='bbox 2579 2502 2615 2555; x_wconf 93' lang='lat'>4</span> <span class='ocrx_word' id='word_1_307' title='bbox 2635 2518 2804 2574; x_wconf 75' lang='lat' dir='ltr'><strong>supra</strong></span> <span class='ocrx_word' id='word_1_308' title='bbox 2823 2502 2937 2556; x_wconf 80' lang='lat' dir='ltr'><strong>dies</strong></span> 
     </span>
     <span class='ocr_line' id='line_1_27' title="bbox 596 2582 2938 2657; baseline 0.002 -18"><span class='ocrx_word' id='word_1_309' title='bbox 596 2583 701 2639; x_wconf 77' lang='lat'><strong>360</strong></span> <span class='ocrx_word' id='word_1_310' title='bbox 722 2600 1011 2657; x_wconf 84' lang='lat' dir='ltr'><strong>superesse.</strong></span> <span class='ocrx_word' id='word_1_311' title='bbox 1055 2582 1193 2639; x_wconf 78' lang='lat' dir='ltr'><strong>Nam</strong></span> <span class='ocrx_word' id='word_1_312' title='bbox 1212 2585 1270 2638; x_wconf 90' lang='lat' dir='ltr'><strong>in</strong></span> <span class='ocrx_word' id='word_1_313' title='bbox 1293 2584 1493 2639; x_wconf 86' lang='lat' dir='ltr'><strong>dierum</strong></span> <span class='ocrx_word' id='word_1_314' title='bbox 1512 2600 1733 2639; x_wconf 87' lang='lat' dir='ltr'><strong>numero</strong></span> <span class='ocrx_word' id='word_1_315' title='bbox 1756 2590 1895 2639; x_wconf 83' lang='lat' dir='ltr'><strong>recte</strong></span> <span class='ocrx_word' id='word_1_316' title='bbox 1918 2587 2210 2657; x_wconf 81' lang='lat' dir='ltr'><strong>quinariam</strong></span> <span class='ocrx_word' id='word_1_317' title='bbox 2231 2594 2412 2642; x_wconf 71' lang='lat' dir='ltr'><strong>notam</strong></span> <span class='ocrx_word' id='word_1_318' title='bbox 2439 2587 2794 2643; x_wconf 81' lang='lat' dir='ltr'><strong>inducendam</strong></span> <span class='ocrx_word' id='word_1_319' title='bbox 2814 2604 2938 2643; x_wconf 66' lang='lat' dir='ltr'><strong>esur</strong></span> 
     </span>
     <span class='ocr_line' id='line_1_28' title="bbox 592 2670 2938 2746; baseline 0.002 -21"><span class='ocrx_word' id='word_1_320' title='bbox 592 2671 730 2736; x_wconf 71' lang='lat' dir='ltr'><strong>cuit,</strong></span> <span class='ocrx_word' id='word_1_321' title='bbox 754 2671 847 2724; x_wconf 87' lang='lat' dir='ltr'><strong>sed</strong></span> <span class='ocrx_word' id='word_1_322' title='bbox 866 2678 929 2724; x_wconf 85' lang='lat' dir='ltr'><strong>ut</strong></span> <span class='ocrx_word' id='word_1_323' title='bbox 948 2670 1087 2741; x_wconf 72' lang='grc' dir='ltr'><strong>παρὰ</strong></span> <span class='ocrx_word' id='word_1_324' title='bbox 1104 2670 1247 2725; x_wconf 79' lang='lat' dir='ltr'><strong>idem</strong></span> <span class='ocrx_word' id='word_1_325' title='bbox 1262 2671 1334 2724; x_wconf 84' lang='lat' dir='ltr'><strong>sit</strong></span> <span class='ocrx_word' id='word_1_326' title='bbox 1349 2687 1410 2724; x_wconf 86' lang='lat' dir='ltr'><strong>ac</strong></span> <span class='ocrx_word' id='word_1_327' title='bbox 1419 2682 1652 2741; x_wconf 69' lang='lat' dir='ltr'><strong>praeter,</strong></span> <span class='ocrx_word' id='word_1_328' title='bbox 1675 2673 1919 2725; x_wconf 74' lang='lat' dir='ltr'><strong>assentiri</strong></span> <span class='ocrx_word' id='word_1_329' title='bbox 1933 2689 2039 2725; x_wconf 91' lang='lat' dir='ltr'><strong>non</strong></span> <span class='ocrx_word' id='word_1_330' title='bbox 2056 2689 2274 2743; x_wconf 85' lang='lat' dir='ltr'><strong>possum</strong></span> <span class='ocrx_word' id='word_1_331' title='bbox 2287 2713 2303 2739; x_wconf 96' lang='lat'><strong>,</strong></span> <span class='ocrx_word' id='word_1_332' title='bbox 2326 2674 2450 2745; x_wconf 82' lang='lat' dir='ltr'><strong>quia</strong></span> <span class='ocrx_word' id='word_1_333' title='bbox 2471 2674 2735 2729; x_wconf 73' lang='lat' dir='ltr'><strong>defectum</strong></span> <span class='ocrx_word' id='word_1_334' title='bbox 2757 2675 2938 2746; x_wconf 81' lang='lat' dir='ltr'><strong>potius</strong></span> 
     </span>
     <span class='ocr_line' id='line_1_29' title="bbox 596 2754 2936 2830; baseline 0.002 -20"><span class='ocrx_word' id='word_1_335' title='bbox 596 2758 651 2810; x_wconf 80' lang='lat' dir='ltr'><strong>iu</strong></span> <span class='ocrx_word' id='word_1_336' title='bbox 686 2757 945 2811; x_wconf 86' lang='lat' dir='ltr'><strong>eiusmodi</strong></span> <span class='ocrx_word' id='word_1_337' title='bbox 976 2757 1359 2810; x_wconf 75' lang='lat' dir='ltr'><strong>constructione</strong></span> <span class='ocrx_word' id='word_1_338' title='bbox 1393 2757 1681 2827; x_wconf 55' lang='lat' dir='ltr'><strong>significan</strong></span> <span class='ocrx_word' id='word_1_339' title='bbox 1723 2763 1906 2827; x_wconf 80' lang='lat' dir='ltr'><strong>estque</strong></span> <span class='ocrx_word' id='word_1_340' title='bbox 1939 2754 2075 2830; x_wconf 76' lang='grc' dir='ltr'>παρὰ</span> <span class='ocrx_word' id='word_1_341' title='bbox 2109 2757 2244 2829; x_wconf 83' lang='grc' dir='ltr'>ὥραν</span> <span class='ocrx_word' id='word_1_342' title='bbox 2278 2759 2408 2828; x_wconf 74' lang='grc' dir='ltr'><strong>μίαν,</strong></span> <span class='ocrx_word' id='word_1_343' title='bbox 2429 2778 2552 2814; x_wconf 75' lang='lat' dir='ltr'><strong>-uaa</strong></span> <span class='ocrx_word' id='word_1_344' title='bbox 2582 2760 2716 2813; x_wconf 67' lang='lat' dir='ltr'><strong>bora</strong></span> <span class='ocrx_word' id='word_1_345' title='bbox 2747 2765 2936 2815; x_wconf 68' lang='lat' dir='ltr'><strong>mim.</strong></span> 
     </span>
     <span class='ocr_line' id='line_1_30' title="bbox 596 2841 2940 2918; baseline 0.002 -23"><span class='ocrx_word' id='word_1_346' title='bbox 596 2842 746 2907; x_wconf 78' lang='lat' dir='ltr'><strong>Quod</strong></span> <span class='ocrx_word' id='word_1_347' title='bbox 767 2848 824 2896; x_wconf 86' lang='lat' dir='ltr'><strong>et</strong></span> <span class='ocrx_word' id='word_1_348' title='bbox 841 2843 1063 2896; x_wconf 75' lang='lat' dir='ltr'><strong>subinde</strong></span> <span class='ocrx_word' id='word_1_349' title='bbox 1079 2841 1331 2913; x_wconf 84' lang='lat' dir='ltr'><strong>Keplerus</strong></span> <span class='ocrx_word' id='word_1_350' title='bbox 1355 2843 1598 2914; x_wconf 82' lang='lat' dir='ltr'><strong>agnoscit</strong></span> <span class='ocrx_word' id='word_1_351' title='bbox 1626 2849 1682 2896; x_wconf 87' lang='lat' dir='ltr'><strong>et</strong></span> <span class='ocrx_word' id='word_1_352' title='bbox 1707 2845 1935 2914; x_wconf 85' lang='lat' dir='ltr'><strong>priorem</strong></span> <span class='ocrx_word' id='word_1_353' title='bbox 1956 2844 2102 2897; x_wconf 88' lang='lat' dir='ltr'><strong>illam</strong></span> <span class='ocrx_word' id='word_1_354' title='bbox 2123 2845 2380 2898; x_wconf 85' lang='lat' dir='ltr'><strong>rationem</strong></span> <span class='ocrx_word' id='word_1_355' title='bbox 2407 2844 2548 2899; x_wconf 76' lang='lat' dir='ltr'><strong>haud</strong></span> <span class='ocrx_word' id='word_1_356' title='bbox 2569 2848 2704 2899; x_wconf 77' lang='lat' dir='ltr'><strong>satis</strong></span> <span class='ocrx_word' id='word_1_357' title='bbox 2723 2847 2940 2918; x_wconf 72' lang='lat' dir='ltr'><strong>placete</strong></span> 
     </span>
     <span class='ocr_line' id='line_1_31' title="bbox 594 2928 2940 3007; baseline 0.001 -24"><span class='ocrx_word' id='word_1_358' title='bbox 594 2928 699 2983; x_wconf 76' lang='lat' dir='ltr'><strong>sibi</strong></span> <span class='ocrx_word' id='word_1_359' title='bbox 718 2928 928 2984; x_wconf 71' lang='lat' dir='ltr'><strong>satem.</strong></span> <span class='ocrx_word' id='word_1_360' title='bbox 965 2928 1134 2999; x_wconf 78' lang='lat' dir='ltr'><strong>Igitur</strong></span> <span class='ocrx_word' id='word_1_361' title='bbox 1150 2929 1429 2998; x_wconf 79' lang='lat' dir='ltr'><strong>diligenter</strong></span> <span class='ocrx_word' id='word_1_362' title='bbox 1444 2928 1718 2983; x_wconf 84' lang='lat' dir='ltr'><strong>subductis</strong></span> <span class='ocrx_word' id='word_1_363' title='bbox 1742 2945 1805 2982; x_wconf 88' lang='lat' dir='ltr'><strong>ao</strong></span> <span class='ocrx_word' id='word_1_364' title='bbox 1826 2930 2039 2982; x_wconf 83' lang='lat' dir='ltr'><strong>tentatis</strong></span> <span class='ocrx_word' id='word_1_365' title='bbox 2062 2930 2332 2995; x_wconf 86' lang='lat' dir='ltr'><strong>omnibus,</strong></span> <span class='ocrx_word' id='word_1_366' title='bbox 2355 2931 2545 3007; x_wconf 81' lang='lat' dir='ltr'><strong>quibus</strong></span> <span class='ocrx_word' id='word_1_367' title='bbox 2563 2930 2940 2986; x_wconf 65' lang='lat' dir='ltr'><strong>difficillimum</strong></span> 
     </span>
     <span class='ocr_line' id='line_1_32' title="bbox 593 3012 2942 3088; baseline 0.002 -21"><span class='ocrx_word' id='word_1_368' title='bbox 593 3012 735 3068; x_wconf 79' lang='lat' dir='ltr'><strong>hunc</strong></span> <span class='ocrx_word' id='word_1_369' title='bbox 756 3016 961 3083; x_wconf 81' lang='lat' dir='ltr'><strong>cyclum</strong></span> <span class='ocrx_word' id='word_1_370' title='bbox 982 3020 1208 3067; x_wconf 76' lang='lat' dir='ltr'><strong>tractare</strong></span> <span class='ocrx_word' id='word_1_371' title='bbox 1231 3020 1388 3085; x_wconf 79' lang='lat' dir='ltr'><strong>atque</strong></span> <span class='ocrx_word' id='word_1_372' title='bbox 1418 3016 1682 3067; x_wconf 81' lang='lat' dir='ltr'><strong>illustrare</strong></span> <span class='ocrx_word' id='word_1_373' title='bbox 1715 3031 1988 3085; x_wconf 73' lang='lat' dir='ltr'><strong>possemus</strong></span> <span class='ocrx_word' id='word_1_374' title='bbox 2003 3054 2018 3079; x_wconf 96' lang='lat'><strong>,</strong></span> <span class='ocrx_word' id='word_1_375' title='bbox 2048 3014 2242 3086; x_wconf 77' lang='lat' dir='ltr'><strong>duplici</strong></span> <span class='ocrx_word' id='word_1_376' title='bbox 2269 3015 2326 3069; x_wconf 88' lang='lat' dir='ltr'><strong>id</strong></span> <span class='ocrx_word' id='word_1_377' title='bbox 2354 3017 2559 3071; x_wconf 83' lang='lat' dir='ltr'><strong>ratione</strong></span> <span class='ocrx_word' id='word_1_378' title='bbox 2588 3016 2942 3088; x_wconf 64' lang='lat' dir='ltr'><strong>perfecimoe3</strong></span> 
     </span>
     <span class='ocr_line' id='line_1_33' title="bbox 592 3100 2752 3174; baseline 0.002 -21"><span class='ocrx_word' id='word_1_379' title='bbox 592 3115 818 3170; x_wconf 81' lang='lat' dir='ltr'><strong>quarum</strong></span> <span class='ocrx_word' id='word_1_380' title='bbox 844 3102 1172 3166; x_wconf 78' lang='lat' dir='ltr'><strong>alterutram,</strong></span> <span class='ocrx_word' id='word_1_381' title='bbox 1196 3100 1299 3153; x_wconf 87' lang='lat' dir='ltr'><strong>nisi</strong></span> <span class='ocrx_word' id='word_1_382' title='bbox 1322 3100 1568 3164; x_wconf 80' lang='lat' dir='ltr'><strong>fallimur,</strong></span> <span class='ocrx_word' id='word_1_383' title='bbox 1592 3115 1762 3169; x_wconf 86' lang='lat' dir='ltr'><strong>aequo</strong></span> <span class='ocrx_word' id='word_1_384' title='bbox 1785 3106 1944 3170; x_wconf 83' lang='lat' dir='ltr'><strong>atque</strong></span> <span class='ocrx_word' id='word_1_385' title='bbox 1968 3100 2169 3154; x_wconf 80' lang='lat' dir='ltr'><strong>erudito</strong></span> <span class='ocrx_word' id='word_1_386' title='bbox 2189 3102 2372 3155; x_wconf 79' lang='lat' dir='ltr'><strong>lectori</strong></span> <span class='ocrx_word' id='word_1_387' title='bbox 2390 3103 2752 3174; x_wconf 83' lang='lat' dir='ltr'><strong>probabimus.</strong></span> 
     </span>
     <span class='ocr_line' id='line_1_34' title="bbox 728 3183 2941 3259; baseline 0.002 -21"><span class='ocrx_word' id='word_1_388' title='bbox 728 3184 904 3238; x_wconf 86' lang='lat' dir='ltr'><strong>Prima</strong></span> <span class='ocrx_word' id='word_1_389' title='bbox 925 3191 1102 3238; x_wconf 81' lang='lat' dir='ltr'><strong>autem</strong></span> <span class='ocrx_word' id='word_1_390' title='bbox 1124 3193 1208 3237; x_wconf 84' lang='lat' dir='ltr'><strong>est</strong></span> <span class='ocrx_word' id='word_1_391' title='bbox 1237 3184 1508 3237; x_wconf 86' lang='lat' dir='ltr'><strong>eiusmodi.</strong></span> <span class='ocrx_word' id='word_1_392' title='bbox 1551 3183 1734 3238; x_wconf 83' lang='lat' dir='ltr'><strong>Iudaei</strong></span> <span class='ocrx_word' id='word_1_393' title='bbox 1764 3184 1969 3254; x_wconf 87' lang='lat' dir='ltr'><strong>cyclum</strong></span> <span class='ocrx_word' id='word_1_394' title='bbox 2000 3188 2326 3256; x_wconf 83' lang='lat' dir='ltr'><strong>usurpabant</strong></span> <span class='ocrx_word' id='word_1_395' title='bbox 2355 3188 2642 3259; x_wconf 77' lang='lat' dir='ltr'><strong>duplicem,</strong></span> <span class='ocrx_word' id='word_1_396' title='bbox 2673 3190 2941 3243; x_wconf 72' lang='lat' dir='ltr'><strong>maiorem</strong></span> 
     </span>
     <span class='ocr_line' id='line_1_35' title="bbox 594 3270 2942 3344; baseline 0.003 -23"><span class='ocrx_word' id='word_1_397' title='bbox 594 3284 656 3321; x_wconf 87' lang='lat' dir='ltr'><strong>ac</strong></span> <span class='ocrx_word' id='word_1_398' title='bbox 678 3270 961 3335; x_wconf 83' lang='lat' dir='ltr'><strong>minorem3</strong></span> <span class='ocrx_word' id='word_1_399' title='bbox 993 3270 1132 3327; x_wconf 85' lang='lat' dir='ltr'><strong>hunc</strong></span> <span class='ocrx_word' id='word_1_400' title='bbox 1156 3287 1263 3334; x_wconf 75' lang='lat' dir='ltr'><strong>xiv,</strong></span> <span class='ocrx_word' id='word_1_401' title='bbox 1296 3271 1445 3323; x_wconf 89' lang='lat' dir='ltr'><strong>illum</strong></span> <span class='ocrx_word' id='word_1_402' title='bbox 1466 3286 1668 3323; x_wconf 75' lang='lat' dir='ltr'><strong>nmrv</strong></span> <span class='ocrx_word' id='word_1_403' title='bbox 1690 3285 1964 3323; x_wconf 85' lang='lat' dir='ltr'><strong>annorum.</strong></span> <span class='ocrx_word' id='word_1_404' title='bbox 2008 3270 2272 3326; x_wconf 82' lang='lat' dir='ltr'><strong>Lunarem</strong></span> <span class='ocrx_word' id='word_1_405' title='bbox 2292 3289 2491 3327; x_wconf 77' lang='lat' dir='ltr'><strong>annm</strong></span> <span class='ocrx_word' id='word_1_406' title='bbox 2510 3273 2671 3327; x_wconf 78' lang='lat' dir='ltr'><strong>iidem</strong></span> <span class='ocrx_word' id='word_1_407' title='bbox 2695 3275 2942 3344; x_wconf 69' lang='lat' dir='ltr'><strong>praeci-e</strong></span> 
     </span>
     <span class='ocr_line' id='line_1_36' title="bbox 594 3354 2939 3426; baseline 0.003 -18"><span class='ocrx_word' id='word_1_408' title='bbox 594 3355 794 3408; x_wconf 84' lang='lat' dir='ltr'><strong>dierum</strong></span> <span class='ocrx_word' id='word_1_409' title='bbox 816 3354 944 3421; x_wconf 78' lang='lat'><strong>354,</strong></span> <span class='ocrx_word' id='word_1_410' title='bbox 966 3354 1216 3409; x_wconf 81' lang='lat' dir='ltr'><strong>horarum</strong></span> <span class='ocrx_word' id='word_1_411' title='bbox 1239 3354 1272 3407; x_wconf 88' lang='lat'>8</span> <span class='ocrx_word' id='word_1_412' title='bbox 1294 3355 1700 3409; x_wconf 77' lang='lat' dir='ltr'><strong>constituebant.</strong></span> <span class='ocrx_word' id='word_1_413' title='bbox 1749 3356 1832 3408; x_wconf 85' lang='lat' dir='ltr'><strong>Its</strong></span> <span class='ocrx_word' id='word_1_414' title='bbox 1851 3356 1907 3407; x_wconf 89' lang='lat' dir='ltr'><strong>in</strong></span> <span class='ocrx_word' id='word_1_415' title='bbox 1928 3357 2447 3413; x_wconf 65' lang='lat' dir='ltr'><strong>tessaradecaeteride</strong></span> <span class='ocrx_word' id='word_1_416' title='bbox 2467 3359 2582 3413; x_wconf 79' lang='lat' dir='ltr'><strong>dies</strong></span> <span class='ocrx_word' id='word_1_417' title='bbox 2603 3366 2758 3413; x_wconf 88' lang='lat' dir='ltr'><strong>erant</strong></span> <span class='ocrx_word' id='word_1_418' title='bbox 2777 3359 2939 3426; x_wconf 84' lang='grc'><strong>5108,</strong></span> 
     </span>
     <span class='ocr_line' id='line_1_37' title="bbox 592 3438 2940 3516; baseline 0.002 -22"><span class='ocrx_word' id='word_1_419' title='bbox 592 3438 751 3494; x_wconf 73' lang='lat' dir='ltr'><strong>horae</strong></span> <span class='ocrx_word' id='word_1_420' title='bbox 773 3441 823 3496; x_wconf 83' lang='lat'><strong>4.</strong></span> <span class='ocrx_word' id='word_1_421' title='bbox 869 3442 1008 3494; x_wconf 80' lang='lat' dir='ltr'><strong>Anni</strong></span> <span class='ocrx_word' id='word_1_422' title='bbox 1029 3442 1237 3494; x_wconf 85' lang='lat' dir='ltr'><strong>lunares</strong></span> <span class='ocrx_word' id='word_1_423' title='bbox 1260 3458 1353 3494; x_wconf 80' lang='lat' dir='ltr'><strong>nv</strong></span> <span class='ocrx_word' id='word_1_424' title='bbox 1376 3441 1642 3511; x_wconf 82' lang='lat' dir='ltr'><strong>simplices</strong></span> <span class='ocrx_word' id='word_1_425' title='bbox 1672 3440 1783 3492; x_wconf 86' lang='lat' dir='ltr'><strong>dies</strong></span> <span class='ocrx_word' id='word_1_426' title='bbox 1818 3441 2072 3511; x_wconf 85' lang='lat' dir='ltr'><strong>colligunt</strong></span> <span class='ocrx_word' id='word_1_427' title='bbox 2093 3442 2253 3509; x_wconf 79' lang='grc'><strong>4956,</strong></span> <span class='ocrx_word' id='word_1_428' title='bbox 2284 3447 2530 3516; x_wconf 82' lang='lat' dir='ltr'><strong>sysygias</strong></span> <span class='ocrx_word' id='word_1_429' title='bbox 2558 3444 2680 3511; x_wconf 83' lang='lat'><strong>168,</strong></span> <span class='ocrx_word' id='word_1_430' title='bbox 2714 3446 2940 3499; x_wconf 71' lang='lat' dir='ltr'><strong>alternis</strong></span> 
     </span>
     <span class='ocr_line' id='line_1_38' title="bbox 592 3524 2938 3601; baseline 0.003 -22"><span class='ocrx_word' id='word_1_431' title='bbox 592 3524 775 3595; x_wconf 78' lang='lat' dir='ltr'><strong>plenas</strong></span> <span class='ocrx_word' id='word_1_432' title='bbox 797 3532 852 3579; x_wconf 81' lang='lat' dir='ltr'><strong>et</strong></span> <span class='ocrx_word' id='word_1_433' title='bbox 873 3542 1056 3591; x_wconf 78' lang='lat' dir='ltr'><strong>cavas,</strong></span> <span class='ocrx_word' id='word_1_434' title='bbox 1078 3525 1178 3580; x_wconf 84' lang='lat' dir='ltr'><strong>hoc</strong></span> <span class='ocrx_word' id='word_1_435' title='bbox 1198 3531 1282 3579; x_wconf 84' lang='lat' dir='ltr'><strong>est</strong></span> <span class='ocrx_word' id='word_1_436' title='bbox 1303 3525 1371 3579; x_wconf 80' lang='lat'><strong>84</strong></span> <span class='ocrx_word' id='word_1_437' title='bbox 1392 3526 1575 3596; x_wconf 86' lang='lat' dir='ltr'><strong>plenas</strong></span> <span class='ocrx_word' id='word_1_438' title='bbox 1603 3525 1923 3596; x_wconf 82' lang='lat' dir='ltr'><strong>totidemque</strong></span> <span class='ocrx_word' id='word_1_439' title='bbox 1945 3542 2117 3580; x_wconf 77' lang='lat' dir='ltr'><strong>cavas.</strong></span> <span class='ocrx_word' id='word_1_440' title='bbox 2151 3529 2422 3583; x_wconf 77' lang='lat' dir='ltr'><strong>Accedunt</strong></span> <span class='ocrx_word' id='word_1_441' title='bbox 2439 3531 2826 3585; x_wconf 70' lang='lat' dir='ltr'><strong>embolimaeus</strong></span> <span class='ocrx_word' id='word_1_442' title='bbox 2847 3548 2938 3601; x_wconf 85' lang='lat' dir='ltr'><strong>sy·</strong></span> 
     </span>
     <span class='ocr_line' id='line_1_39' title="bbox 592 3610 2940 3687; baseline 0.005 -22"><span class='ocrx_word' id='word_1_443' title='bbox 592 3612 777 3682; x_wconf 74' lang='lat' dir='ltr'><strong>zygiae</strong></span> <span class='ocrx_word' id='word_1_444' title='bbox 797 3612 985 3682; x_wconf 77' lang='lat' dir='ltr'><strong>plenae</strong></span> <span class='ocrx_word' id='word_1_445' title='bbox 1008 3631 1056 3679; x_wconf 86' lang='lat' dir='ltr'><strong>v,</strong></span> <span class='ocrx_word' id='word_1_446' title='bbox 1088 3613 1198 3666; x_wconf 79' lang='lat' dir='ltr'><strong>sive</strong></span> <span class='ocrx_word' id='word_1_447' title='bbox 1222 3611 1333 3665; x_wconf 87' lang='lat' dir='ltr'><strong>dies</strong></span> <span class='ocrx_word' id='word_1_448' title='bbox 1360 3610 1473 3665; x_wconf 87' lang='grc'><strong>150.</strong></span> <span class='ocrx_word' id='word_1_449' title='bbox 1517 3610 1677 3664; x_wconf 81' lang='lat' dir='ltr'><strong>Fiunt</strong></span> <span class='ocrx_word' id='word_1_450' title='bbox 1707 3612 1764 3664; x_wconf 87' lang='lat' dir='ltr'><strong>in</strong></span> <span class='ocrx_word' id='word_1_451' title='bbox 1794 3612 2316 3668; x_wconf 70' lang='lat' dir='ltr'><strong>tessaradecaeteride</strong></span> <span class='ocrx_word' id='word_1_452' title='bbox 2348 3616 2460 3669; x_wconf 82' lang='lat' dir='ltr'><strong>dies</strong></span> <span class='ocrx_word' id='word_1_453' title='bbox 2481 3616 2644 3681; x_wconf 87' lang='grc'><strong>5106,</strong></span> <span class='ocrx_word' id='word_1_454' title='bbox 2675 3618 2940 3687; x_wconf 64' lang='lat' dir='ltr'><strong>syzygiae</strong></span> 
     </span>
     <span class='ocr_line' id='line_1_40' title="bbox 590 3696 2941 3773; baseline 0.003 -22"><span class='ocrx_word' id='word_1_455' title='bbox 590 3698 776 3769; x_wconf 85' lang='lat' dir='ltr'><strong>plenae</strong></span> <span class='ocrx_word' id='word_1_456' title='bbox 799 3697 890 3761; x_wconf 87' lang='grc'><strong>89,</strong></span> <span class='ocrx_word' id='word_1_457' title='bbox 922 3712 1084 3751; x_wconf 84' lang='lat' dir='ltr'><strong>cavae</strong></span> <span class='ocrx_word' id='word_1_458' title='bbox 1104 3696 1199 3750; x_wconf 78' lang='lat'><strong>84:</strong></span> <span class='ocrx_word' id='word_1_459' title='bbox 1231 3702 1513 3767; x_wconf 82' lang='lat' dir='ltr'><strong>supersunt</strong></span> <span class='ocrx_word' id='word_1_460' title='bbox 1543 3697 1654 3750; x_wconf 86' lang='lat' dir='ltr'><strong>dies</strong></span> <span class='ocrx_word' id='word_1_461' title='bbox 1678 3697 1739 3762; x_wconf 89' lang='grc'><strong>2,</strong></span> <span class='ocrx_word' id='word_1_462' title='bbox 1769 3696 1928 3750; x_wconf 84' lang='lat' dir='ltr'><strong>horae</strong></span> <span class='ocrx_word' id='word_1_463' title='bbox 1949 3698 1998 3752; x_wconf 86' lang='lat'><strong>4.</strong></span> <span class='ocrx_word' id='word_1_464' title='bbox 2045 3698 2342 3753; x_wconf 75' lang='lat' dir='ltr'><strong>Reservatis</strong></span> <span class='ocrx_word' id='word_1_465' title='bbox 2366 3699 2509 3755; x_wconf 80' lang='lat' dir='ltr'><strong>horis</strong></span> <span class='ocrx_word' id='word_1_466' title='bbox 2529 3702 2588 3755; x_wconf 87' lang='lat' dir='ltr'><strong>in</strong></span> <span class='ocrx_word' id='word_1_467' title='bbox 2607 3701 2775 3756; x_wconf 78' lang='lat' dir='ltr'><strong>finem</strong></span> <span class='ocrx_word' id='word_1_468' title='bbox 2797 3705 2941 3773; x_wconf 61' lang='grc' dir='ltr'><strong>ηυξ</strong></span> 
     </span>
     <span class='ocr_line' id='line_1_41' title="bbox 591 3783 2941 3853; baseline 0.003 -16"><span class='ocrx_word' id='word_1_469' title='bbox 591 3785 805 3837; x_wconf 80' lang='lat' dir='ltr'><strong>maioris</strong></span> <span class='ocrx_word' id='word_1_470' title='bbox 827 3784 1088 3853; x_wconf 85' lang='lat' dir='ltr'><strong>reliquum</strong></span> <span class='ocrx_word' id='word_1_471' title='bbox 1109 3783 1327 3837; x_wconf 86' lang='lat' dir='ltr'><strong>biduum</strong></span> <span class='ocrx_word' id='word_1_472' title='bbox 1351 3783 1417 3836; x_wconf 88' lang='lat' dir='ltr'><strong>ad</strong></span> <span class='ocrx_word' id='word_1_473' title='bbox 1440 3783 1568 3836; x_wconf 81' lang='lat' dir='ltr'><strong>duas</strong></span> <span class='ocrx_word' id='word_1_474' title='bbox 1592 3798 1748 3837; x_wconf 83' lang='lat' dir='ltr'><strong>cavas</strong></span> <span class='ocrx_word' id='word_1_475' title='bbox 1771 3784 2015 3853; x_wconf 78' lang='lat' dir='ltr'><strong>syzygias</strong></span> <span class='ocrx_word' id='word_1_476' title='bbox 2038 3783 2346 3838; x_wconf 85' lang='lat' dir='ltr'><strong>adiunctum</strong></span> <span class='ocrx_word' id='word_1_477' title='bbox 2375 3787 2595 3841; x_wconf 76' lang='lat' dir='ltr'><strong>totidem</strong></span> <span class='ocrx_word' id='word_1_478' title='bbox 2623 3803 2653 3840; x_wconf 90' lang='lat' dir='ltr'><strong>e</strong></span> <span class='ocrx_word' id='word_1_479' title='bbox 2675 3804 2941 3843; x_wconf 76' lang='lat' dir='ltr'><strong>cavarum</strong></span> 
     </span>
     <span class='ocr_line' id='line_1_42' title="bbox 590 3867 2939 3939; baseline 0.003 -16"><span class='ocrx_word' id='word_1_480' title='bbox 590 3885 809 3923; x_wconf 87' lang='lat' dir='ltr'><strong>numero</strong></span> <span class='ocrx_word' id='word_1_481' title='bbox 833 3867 1068 3922; x_wconf 82' lang='lat' dir='ltr'><strong>detrahit.</strong></span> <span class='ocrx_word' id='word_1_482' title='bbox 1123 3868 1205 3921; x_wconf 88' lang='lat' dir='ltr'><strong>Ita</strong></span> <span class='ocrx_word' id='word_1_483' title='bbox 1232 3867 1370 3921; x_wconf 84' lang='lat' dir='ltr'><strong>fiunt</strong></span> <span class='ocrx_word' id='word_1_484' title='bbox 1400 3869 1463 3923; x_wconf 83' lang='lat'><strong>91</strong></span> <span class='ocrx_word' id='word_1_485' title='bbox 1489 3869 1702 3939; x_wconf 87' lang='lat' dir='ltr'><strong>plenae,</strong></span> <span class='ocrx_word' id='word_1_486' title='bbox 1727 3885 1885 3922; x_wconf 73' lang='lat' dir='ltr'><strong>cavae</strong></span> <span class='ocrx_word' id='word_1_487' title='bbox 1907 3868 1975 3922; x_wconf 86' lang='grc'><strong>82</strong></span> <span class='ocrx_word' id='word_1_488' title='bbox 2006 3871 2063 3923; x_wconf 86' lang='lat' dir='ltr'><strong>in</strong></span> <span class='ocrx_word' id='word_1_489' title='bbox 2084 3874 2199 3923; x_wconf 83' lang='lat' dir='ltr'><strong>tota</strong></span> <span class='ocrx_word' id='word_1_490' title='bbox 2225 3872 2782 3939; x_wconf 62' lang='lat' dir='ltr'><strong>tesearadeoaeterlde,</strong></span> <span class='ocrx_word' id='word_1_491' title='bbox 2817 3873 2939 3929; x_wconf 75' lang='lat' dir='ltr'><strong>dies</strong></span> 
     </span>
     <span class='ocr_line' id='line_1_43' title="bbox 588 3953 2940 4025; baseline 0.003 -17"><span class='ocrx_word' id='word_1_492' title='bbox 588 3954 745 4009; x_wconf 87' lang='grc'><strong>5108.</strong></span> <span class='ocrx_word' id='word_1_493' title='bbox 791 3953 940 4018; x_wconf 83' lang='lat' dir='ltr'><strong>Quod</strong></span> <span class='ocrx_word' id='word_1_494' title='bbox 964 3955 1011 4006; x_wconf 90' lang='lat' dir='ltr'><strong>si</strong></span> <span class='ocrx_word' id='word_1_495' title='bbox 1036 3954 1152 4022; x_wconf 89' lang='lat' dir='ltr'><strong>quis</strong></span> <span class='ocrx_word' id='word_1_496' title='bbox 1176 3953 1487 4007; x_wconf 85' lang='lat' dir='ltr'><strong>embolimos</strong></span> <span class='ocrx_word' id='word_1_497' title='bbox 1518 3970 1729 4008; x_wconf 85' lang='lat' dir='ltr'><strong>menses</strong></span> <span class='ocrx_word' id='word_1_498' title='bbox 1751 3973 1784 4007; x_wconf 79' lang='lat' dir='ltr'>v</span> <span class='ocrx_word' id='word_1_499' title='bbox 1808 3956 2048 4025; x_wconf 84' lang='lat' dir='ltr'><strong>singulos</strong></span> <span class='ocrx_word' id='word_1_500' title='bbox 2077 3954 2279 4009; x_wconf 85' lang='lat' dir='ltr'><strong>dierum</strong></span> <span class='ocrx_word' id='word_1_501' title='bbox 2310 3956 2572 4011; x_wconf 78' lang='lat' dir='ltr'><strong>duntaxat</strong></span> <span class='ocrx_word' id='word_1_502' title='bbox 2592 3958 2686 4025; x_wconf 90' lang='grc'><strong>29,</strong></span> <span class='ocrx_word' id='word_1_503' title='bbox 2721 3958 2841 4015; x_wconf 78' lang='lat' dir='ltr'><strong>hor.</strong></span> <span class='ocrx_word' id='word_1_504' title='bbox 2872 3961 2940 4015; x_wconf 78' lang='lat'><strong>12</strong></span> 
     </span>
     <span class='ocr_line' id='line_1_44' title="bbox 586 4037 2940 4116; baseline 0.002 -22"><span class='ocrx_word' id='word_1_505' title='bbox 586 4056 707 4094; x_wconf 76' lang='lat' dir='ltr'><strong>esse</strong></span> <span class='ocrx_word' id='word_1_506' title='bbox 726 4040 899 4105; x_wconf 81' lang='lat' dir='ltr'><strong>malit,</strong></span> <span class='ocrx_word' id='word_1_507' title='bbox 923 4038 1077 4092; x_wconf 80' lang='lat' dir='ltr'><strong>add-st</strong></span> <span class='ocrx_word' id='word_1_508' title='bbox 1100 4038 1167 4091; x_wconf 89' lang='lat' dir='ltr'><strong>ad</strong></span> <span class='ocrx_word' id='word_1_509' title='bbox 1187 4037 1348 4103; x_wconf 83' lang='grc'><strong>4956,</strong></span> <span class='ocrx_word' id='word_1_510' title='bbox 1372 4039 1485 4092; x_wconf 87' lang='lat' dir='ltr'><strong>dies</strong></span> <span class='ocrx_word' id='word_1_511' title='bbox 1515 4039 1626 4104; x_wconf 81' lang='lat'><strong>147,</strong></span> <span class='ocrx_word' id='word_1_512' title='bbox 1649 4039 1761 4094; x_wconf 87' lang='lat' dir='ltr'><strong>hor.</strong></span> <span class='ocrx_word' id='word_1_513' title='bbox 1788 4039 1866 4094; x_wconf 92' lang='grc'><strong>12.</strong></span> <span class='ocrx_word' id='word_1_514' title='bbox 1899 4040 2228 4111; x_wconf 76' lang='lat' dir='ltr'><strong>colliguntur</strong></span> <span class='ocrx_word' id='word_1_515' title='bbox 2249 4040 2362 4095; x_wconf 84' lang='lat' dir='ltr'><strong>dies</strong></span> <span class='ocrx_word' id='word_1_516' title='bbox 2381 4042 2546 4109; x_wconf 80' lang='grc'><strong>5108,</strong></span> <span class='ocrx_word' id='word_1_517' title='bbox 2566 4043 2681 4098; x_wconf 85' lang='lat' dir='ltr'><strong>hor.</strong></span> <span class='ocrx_word' id='word_1_518' title='bbox 2704 4045 2769 4097; x_wconf 84' lang='grc'><strong>12</strong></span> <span class='ocrx_word' id='word_1_519' title='bbox 2791 4061 2940 4116; x_wconf 75' lang='lat' dir='ltr'><strong>quae</strong></span> 
     </span>
     <span class='ocr_line' id='line_1_45' title="bbox 587 4122 2940 4196; baseline 0.003 -17"><span class='ocrx_word' id='word_1_520' title='bbox 587 4142 618 4178; x_wconf 86' lang='lat' dir='ltr'><strong>e</strong></span> <span class='ocrx_word' id='word_1_521' title='bbox 640 4125 801 4190; x_wconf 88' lang='grc'><strong>5108,</strong></span> <span class='ocrx_word' id='word_1_522' title='bbox 834 4122 999 4178; x_wconf 65' lang='lat' dir='ltr'><strong>hor-,4</strong></span> <span class='ocrx_word' id='word_1_523' title='bbox 1027 4124 1259 4177; x_wconf 71' lang='lat' dir='ltr'><strong>detracta</strong></span> <span class='ocrx_word' id='word_1_524' title='bbox 1284 4124 1588 4193; x_wconf 84' lang='lat' dir='ltr'><strong>relinquunt</strong></span> <span class='ocrx_word' id='word_1_525' title='bbox 1620 4124 1732 4178; x_wconf 87' lang='lat' dir='ltr'><strong>dies</strong></span> <span class='ocrx_word' id='word_1_526' title='bbox 1754 4126 1815 4190; x_wconf 86' lang='lat'><strong>4,</strong></span> <span class='ocrx_word' id='word_1_527' title='bbox 1849 4123 1959 4179; x_wconf 89' lang='lat' dir='ltr'><strong>hor.</strong></span> <span class='ocrx_word' id='word_1_528' title='bbox 1994 4126 2073 4179; x_wconf 83' lang='lat'><strong>16.</strong></span> <span class='ocrx_word' id='word_1_529' title='bbox 2139 4125 2184 4178; x_wconf 79' lang='grc' dir='ltr'>Ε</span> <span class='ocrx_word' id='word_1_530' title='bbox 2217 4127 2409 4196; x_wconf 85' lang='lat' dir='ltr'><strong>quibus</strong></span> <span class='ocrx_word' id='word_1_531' title='bbox 2450 4128 2726 4183; x_wconf 83' lang='lat' dir='ltr'><strong>duodecim</strong></span> <span class='ocrx_word' id='word_1_532' title='bbox 2767 4129 2940 4185; x_wconf 77' lang='lat' dir='ltr'><strong>horae</strong></span> 
     </span>
     <span class='ocr_line' id='line_1_46' title="bbox 587 4209 2940 4280; baseline 0.003 -15"><span class='ocrx_word' id='word_1_533' title='bbox 587 4210 838 4265; x_wconf 74' lang='lat' dir='ltr'><strong>deductae</strong></span> <span class='ocrx_word' id='word_1_534' title='bbox 860 4217 915 4264; x_wconf 91' lang='lat' dir='ltr'><strong>et</strong></span> <span class='ocrx_word' id='word_1_535' title='bbox 935 4210 1001 4263; x_wconf 86' lang='lat' dir='ltr'><strong>ad</strong></span> <span class='ocrx_word' id='word_1_536' title='bbox 1024 4210 1262 4263; x_wconf 80' lang='lat' dir='ltr'><strong>ultimam</strong></span> <span class='ocrx_word' id='word_1_537' title='bbox 1282 4209 1647 4263; x_wconf 78' lang='lat' dir='ltr'><strong>intercalarem</strong></span> <span class='ocrx_word' id='word_1_538' title='bbox 1668 4210 1965 4280; x_wconf 72' lang='lat' dir='ltr'><strong>syzygiam,</strong></span> <span class='ocrx_word' id='word_1_539' title='bbox 2000 4226 2159 4280; x_wconf 84' lang='lat' dir='ltr'><strong>quam</strong></span> <span class='ocrx_word' id='word_1_540' title='bbox 2181 4210 2382 4266; x_wconf 88' lang='lat' dir='ltr'><strong>dierum</strong></span> <span class='ocrx_word' id='word_1_541' title='bbox 2405 4213 2498 4280; x_wconf 88' lang='grc'><strong>29,</strong></span> <span class='ocrx_word' id='word_1_542' title='bbox 2519 4213 2635 4269; x_wconf 71' lang='lat' dir='ltr'><strong>lior.</strong></span> <span class='ocrx_word' id='word_1_543' title='bbox 2657 4215 2723 4268; x_wconf 86' lang='grc'><strong>12</strong></span> <span class='ocrx_word' id='word_1_544' title='bbox 2744 4218 2940 4270; x_wconf 64' lang='lat' dir='ltr'><strong>staui-</strong></span> 
     </span>
     <span class='ocr_line' id='line_1_47' title="bbox 584 4294 2939 4373; baseline 0.002 -24"><span class='ocrx_word' id='word_1_545' title='bbox 584 4313 731 4362; x_wconf 81' lang='lat' dir='ltr'><strong>mus,</strong></span> <span class='ocrx_word' id='word_1_546' title='bbox 753 4296 1055 4351; x_wconf 83' lang='lat' dir='ltr'><strong>aecedentes</strong></span> <span class='ocrx_word' id='word_1_547' title='bbox 1086 4296 1300 4366; x_wconf 81' lang='lat' dir='ltr'><strong>plenam</strong></span> <span class='ocrx_word' id='word_1_548' title='bbox 1329 4294 1475 4347; x_wconf 85' lang='lat' dir='ltr'><strong>illam</strong></span> <span class='ocrx_word' id='word_1_549' title='bbox 1508 4294 1761 4350; x_wconf 82' lang='lat' dir='ltr'><strong>efficiunt.</strong></span> <span class='ocrx_word' id='word_1_550' title='bbox 1830 4295 1966 4348; x_wconf 82' lang='lat' dir='ltr'><strong>Tum</strong></span> <span class='ocrx_word' id='word_1_551' title='bbox 1987 4312 2109 4348; x_wconf 80' lang='lat' dir='ltr'><strong>vero</strong></span> <span class='ocrx_word' id='word_1_552' title='bbox 2132 4302 2358 4365; x_wconf 81' lang='lat' dir='ltr'><strong>quatuor</strong></span> <span class='ocrx_word' id='word_1_553' title='bbox 2379 4299 2459 4353; x_wconf 87' lang='lat' dir='ltr'><strong>illi</strong></span> <span class='ocrx_word' id='word_1_554' title='bbox 2479 4300 2594 4353; x_wconf 87' lang='lat' dir='ltr'><strong>dies</strong></span> <span class='ocrx_word' id='word_1_555' title='bbox 2615 4317 2646 4354; x_wconf 90' lang='lat' dir='ltr'><strong>e</strong></span> <span class='ocrx_word' id='word_1_556' title='bbox 2667 4302 2820 4355; x_wconf 71' lang='lat' dir='ltr'><strong>caris</strong></span> <span class='ocrx_word' id='word_1_557' title='bbox 2845 4318 2939 4373; x_wconf 75' lang='lat' dir='ltr'><strong>sy·</strong></span> 
     </span>
     <span class='ocr_line' id='line_1_48' title="bbox 585 4379 2939 4452; baseline 0.003 -17"><span class='ocrx_word' id='word_1_558' title='bbox 585 4383 754 4452; x_wconf 84' lang='lat' dir='ltr'><strong>sygiis</strong></span> <span class='ocrx_word' id='word_1_559' title='bbox 778 4382 993 4436; x_wconf 87' lang='lat' dir='ltr'><strong>totidem</strong></span> <span class='ocrx_word' id='word_1_560' title='bbox 1027 4382 1210 4452; x_wconf 85' lang='lat' dir='ltr'><strong>plenas</strong></span> <span class='ocrx_word' id='word_1_561' title='bbox 1241 4380 1581 4435; x_wconf 73' lang='lat' dir='ltr'><strong>constituunt.</strong></span> <span class='ocrx_word' id='word_1_562' title='bbox 1641 4379 1788 4432; x_wconf 87' lang='lat' dir='ltr'><strong>Unde</strong></span> <span class='ocrx_word' id='word_1_563' title='bbox 1818 4381 2002 4450; x_wconf 86' lang='lat' dir='ltr'><strong>plenae</strong></span> <span class='ocrx_word' id='word_1_564' title='bbox 2034 4382 2282 4452; x_wconf 79' lang='lat' dir='ltr'><strong>syzygiae</strong></span> <span class='ocrx_word' id='word_1_565' title='bbox 2313 4383 2608 4438; x_wconf 81' lang='lat' dir='ltr'><strong>conflantur</strong></span> <span class='ocrx_word' id='word_1_566' title='bbox 2627 4385 2698 4440; x_wconf 85' lang='grc'><strong>91</strong></span> <span class='ocrx_word' id='word_1_567' title='bbox 2714 4426 2730 4451; x_wconf 85' lang='grc'><strong>,</strong></span> <span class='ocrx_word' id='word_1_568' title='bbox 2763 4403 2939 4443; x_wconf 72' lang='lat' dir='ltr'><strong>cavae</strong></span> 
     </span>
     <span class='ocr_line' id='line_1_49' title="bbox 585 4464 2938 4541; baseline 0.003 -21"><span class='ocrx_word' id='word_1_569' title='bbox 585 4467 680 4532; x_wconf 83' lang='grc'><strong>82,</strong></span> <span class='ocrx_word' id='word_1_570' title='bbox 711 4474 773 4521; x_wconf 85' lang='lat' dir='ltr'><strong>ut</strong></span> <span class='ocrx_word' id='word_1_571' title='bbox 801 4473 974 4522; x_wconf 82' lang='lat' dir='ltr'><strong>antea.</strong></span> <span class='ocrx_word' id='word_1_572' title='bbox 1043 4466 1265 4520; x_wconf 82' lang='lat' dir='ltr'><strong>Restant</strong></span> <span class='ocrx_word' id='word_1_573' title='bbox 1293 4464 1453 4518; x_wconf 86' lang='lat' dir='ltr'><strong>horae</strong></span> <span class='ocrx_word' id='word_1_574' title='bbox 1473 4465 1524 4521; x_wconf 87' lang='lat'><strong>4.</strong></span> <span class='ocrx_word' id='word_1_575' title='bbox 1597 4465 1871 4519; x_wconf 76' lang='lat' dir='ltr'><strong>Caeterum</strong></span> <span class='ocrx_word' id='word_1_576' title='bbox 1902 4466 2028 4519; x_wconf 84' lang='lat' dir='ltr'><strong>anni</strong></span> <span class='ocrx_word' id='word_1_577' title='bbox 2057 4466 2248 4521; x_wconf 78' lang='lat' dir='ltr'><strong>Iuliani</strong></span> <span class='ocrx_word' id='word_1_578' title='bbox 2270 4486 2362 4523; x_wconf 80' lang='lat' dir='ltr'><strong>m</strong></span> <span class='ocrx_word' id='word_1_579' title='bbox 2385 4469 2496 4523; x_wconf 82' lang='lat' dir='ltr'><strong>dies</strong></span> <span class='ocrx_word' id='word_1_580' title='bbox 2520 4471 2753 4541; x_wconf 71' lang='lat' dir='ltr'><strong>exigunt</strong></span> <span class='ocrx_word' id='word_1_581' title='bbox 2773 4473 2938 4541; x_wconf 75' lang='lat'><strong>5113,</strong></span> 
     </span>
     <span class='ocr_line' id='line_1_50' title="bbox 584 4551 2938 4624; baseline 0.004 -19"><span class='ocrx_word' id='word_1_582' title='bbox 584 4551 737 4606; x_wconf 73' lang='lat' dir='ltr'><strong>liores</strong></span> <span class='ocrx_word' id='word_1_583' title='bbox 767 4552 843 4606; x_wconf 88' lang='grc'><strong>12.</strong></span> <span class='ocrx_word' id='word_1_584' title='bbox 910 4553 1172 4607; x_wconf 75' lang='lat' dir='ltr'><strong>Lunai-em</strong></span> <span class='ocrx_word' id='word_1_585' title='bbox 1205 4553 1366 4622; x_wconf 80' lang='lat' dir='ltr'><strong>igitur</strong></span> <span class='ocrx_word' id='word_1_586' title='bbox 1386 4551 1962 4605; x_wconf 71' lang='lat' dir='ltr'><strong>tessaradecaeteridem</strong></span> <span class='ocrx_word' id='word_1_587' title='bbox 1983 4553 2170 4606; x_wconf 81' lang='lat' dir='ltr'><strong>solaris</strong></span> <span class='ocrx_word' id='word_1_588' title='bbox 2198 4560 2412 4624; x_wconf 85' lang='lat' dir='ltr'><strong>superat</strong></span> <span class='ocrx_word' id='word_1_589' title='bbox 2431 4554 2618 4609; x_wconf 87' lang='lat' dir='ltr'><strong>diebus</strong></span> <span class='ocrx_word' id='word_1_590' title='bbox 2641 4556 2704 4622; x_wconf 85' lang='grc'><strong>5,</strong></span> <span class='ocrx_word' id='word_1_591' title='bbox 2735 4556 2858 4614; x_wconf 79' lang='lat' dir='ltr'><strong>hor.</strong></span> <span class='ocrx_word' id='word_1_592' title='bbox 2886 4559 2938 4615; x_wconf 89' lang='grc'><strong>8.</strong></span> 
     </span>
     <span class='ocr_line' id='line_1_51' title="bbox 584 4637 2936 4709; baseline 0.004 -17"><span class='ocrx_word' id='word_1_593' title='bbox 584 4637 691 4692; x_wconf 76' lang='lat' dir='ltr'><strong>Sed</strong></span> <span class='ocrx_word' id='word_1_594' title='bbox 704 4638 1255 4692; x_wconf 56' lang='lat' dir='ltr'><strong>tessaradeoaeterides</strong></span> <span class='ocrx_word' id='word_1_595' title='bbox 1273 4638 1486 4691; x_wconf 84' lang='lat' dir='ltr'><strong>lunares</strong></span> <span class='ocrx_word' id='word_1_596' title='bbox 1504 4655 1581 4702; x_wconf 79' lang='lat' dir='ltr'><strong>vr,</strong></span> <span class='ocrx_word' id='word_1_597' title='bbox 1608 4638 1718 4691; x_wconf 77' lang='lat' dir='ltr'><strong>sive</strong></span> <span class='ocrx_word' id='word_1_598' title='bbox 1739 4638 1866 4690; x_wconf 86' lang='lat' dir='ltr'><strong>anni</strong></span> <span class='ocrx_word' id='word_1_599' title='bbox 1884 4656 2078 4693; x_wconf 63' lang='lat' dir='ltr'><strong>mxxxiv</strong></span> <span class='ocrx_word' id='word_1_600' title='bbox 2098 4638 2209 4691; x_wconf 77' lang='lat' dir='ltr'><strong>dies</strong></span> <span class='ocrx_word' id='word_1_601' title='bbox 2233 4640 2492 4709; x_wconf 74' lang='lat' dir='ltr'><strong>colligunt</strong></span> <span class='ocrx_word' id='word_1_602' title='bbox 2505 4640 2698 4707; x_wconf 76' lang='grc'><strong>40679,</strong></span> <span class='ocrx_word' id='word_1_603' title='bbox 2721 4645 2936 4701; x_wconf 69' lang='lat' dir='ltr'><strong>solam</strong></span> 
     </span>
    </p>
   </div>
   <div class='ocr_carea' id='block_1_6' title="bbox 3171 3762 3180 5191">
    <p class='ocr_par' dir='ltr' id='par_1_6' title="bbox 3171 3762 3180 5191">
     <span class='ocr_line' id='line_1_52' title="bbox 3171 3762 3180 5191; baseline 0 0"><span class='ocrx_word' id='word_1_604' title='bbox 3171 3762 3180 5191; x_wconf 95' lang='lat' dir='ltr'><strong> </strong></span> 
     </span>
    </p>
   </div>
  </div>
 </body>
</html>
