3185 5219
2347 376 2623 437 ccxxlx

423 528 486 584 N.
508 547 676 584 xxxn.
722 526 990 599 Ἐσομένης
1014 525 1107 600 γὰρ
1133 530 1213 582 καὶ
1237 528 1359 601 μετὰ
1381 532 1599 599 τοῦτον]
1663 530 1759 584 Hic
1790 531 2061 601 perspicue
2092 538 2213 603 post
2249 533 2499 588 iudicium
2529 534 2619 588 ho-

290 616 457 668 mines
479 619 672 670 terram
693 613 1016 671 hahitaturos
1039 616 1252 681 asserit,
1281 632 1388 669 nou
1420 620 1480 668 ut
1502 614 1785 669 Ghiliastae
1805 616 1873 669 ad
1897 617 2097 686 aliquot
2118 616 2376 671 duntaxat
2396 621 2620 686 saecula,

290 700 366 755 sie
387 705 447 755 nt
466 701 679 757 interim
699 716 946 771 suprema
963 701 1058 759 illa
1077 702 1350 767 felicitate,
1382 700 1484 755 hoo
1515 708 1596 759 est
1629 707 1842 771 aspectu
1875 702 1958 754 dei
1990 708 2251 769 carerent,
2284 720 2465 761 verum
2489 712 2622 759 utet

289 791 536 857 perpetuo
558 787 616 840 in
637 792 776 843 terra
795 786 1068 857 degerent,
1092 794 1144 843 et
1163 803 1372 845 summa
1391 787 1732 843 nihilominus
1754 787 1857 841 illis
1881 803 1943 841 ac
1964 787 2191 859 perfecta
2214 789 2459 847 beatitate
2482 792 2619 846 frue-

287 878 481 927 tentat.

419 956 483 1011 N.
507 975 666 1012 xxxv,
717 954 901 1011 Ἐπεσε
924 957 978 1011 δὲ
1002 955 1261 1013 ὀκλάσασα
1281 958 1314 1025 ἡ
1338 957 1570 1026 noent-affl
1616 957 1757 1013 Con.
1784 959 1992 1026 παθητή.

417 1041 484 1099 N.
509 1060 734 1101 mnu.
777 1042 872 1096 Kal
889 1044 971 1095 ἵνα
994 1042 1062 1114 μὴ
1087 1042 1220 1114 εἴπῃς
1244 1041 1318 1097 ὅτι
1341 1043 1433 1097 οὐκ
1458 1042 1568 1113 ἀεὶ]
1641 1043 1843 1098 Desunt
1876 1046 2141 1103 nonnulla.
2190 1044 2264 1099 Ac
2286 1045 2420 1100 sorte
2442 1048 2516 1099 ita
2539 1065 2617 1102 re-

283 1128 616 1183 scribendum
639 1126 714 1181 ὃτι
737 1127 807 1181 ἀεὶ
831 1126 1150 1200 διαλαμβάνει
1172 1132 1446 1192 σκοτεινῶς,

416 1213 482 1269 N.
505 1230 592 1269 ιι..
636 1212 820 1267 Λοιπὸν
845 1218 934 1267 τοῦ
957 1213 1241 1283 moesiam]
1306 1216 1567 1271 Haemum
1597 1215 1827 1271 Proclus.
1882 1216 2137 1287 Deinceps
2169 1215 2423 1271 Methodii
2440 1223 2615 1289 partes

282 1305 436 1364 aaut,
473 1299 566 1369 qui
597 1298 843 1355 adversus
875 1298 1158 1371 Origenem
1197 1301 1427 1366 disserit,
1467 1302 1619 1356 euius
1651 1301 1996 1373 patrocinium
2032 1318 2065 1354 a
2098 1301 2279 1357 Proclo
2315 1309 2616 1374 susceptum

280 1384 437 1454 paulo
460 1390 581 1455 post
601 1384 809 1438 indicat.
859 1384 1052 1439 Verum
1074 1387 1120 1439 si
1143 1386 1311 1440 Procli
1333 1392 1416 1440 est
1437 1402 1501 1440 ea
1522 1387 1832 1457 disputatio,
1857 1403 1990 1457 quae
2014 1404 2045 1439 a
2069 1404 2211 1442 num.
2235 1405 2360 1444 xvn.
2386 1388 2452 1441 ad
2475 1387 2614 1445 huuc

283 1484 448 1540 neque
489 1470 794 1539 pertexitur,
836 1488 942 1524 non
976 1471 1125 1527 video
1162 1471 1601 1542 quemadmodum
1636 1471 1876 1543 Origenis
1911 1488 2150 1526 caussam
2186 1472 2451 1539 defendat,
2494 1491 2613 1528 cum

280 1554 392 1609 eius
415 1553 612 1624 dogm
633 1555 949 1611 validissime
969 1556 1175 1611 refellat
1205 1563 1258 1611 et
1285 1558 1718 1612 resurrectionem
1743 1574 2017 1628 corporum
2036 1557 2276 1611 affirmet.
2312 1558 2416 1612 Sed
2444 1576 2613 1631 neque

277 1638 533 1697 methodii
566 1656 890 1710 consequens
923 1641 1163 1697 refutatio
1205 1642 1272 1696 ad
1306 1643 1697 1697 antecedentem
1732 1642 1899 1696 Procli
1939 1659 2229 1697 sermonem
2270 1644 2521 1714 pertinet,
2563 1651 2615 1698 et

277 1725 660 1795 Aglaophontis
683 1726 974 1780 orationem
998 1728 1283 1793 convincit,
1319 1744 1453 1799 quae
1474 1728 1621 1781 nulla
1641 1726 1723 1781 hic
1748 1734 1907 1780 extat.
1953 1728 2048 1781 Hic
2080 1729 2241 1797 igitur
2272 1726 2478 1782 haereo.
2523 1731 2613 1783 At-

279 1826 382 1881 que
401 1817 498 1864 aut
518 1812 838 1883 transposita
860 1819 952 1868 aut
973 1813 1171 1867 omissa
1192 1813 1437 1883 pleraque
1459 1814 1578 1867 istic
1600 1813 1765 1867 tuisse
1789 1813 2065 1867 verisimile
2091 1819 2185 1866 est.
2240 1813 2410 1879 Quae,
2436 1815 2481 1867 si
2504 1816 2613 1867 Me-

278 1894 443 1951 taedii
465 1896 597 1951 liber
620 1902 849 1962 extaret,
873 1897 1095 1953 discerni
1120 1899 1484 1969 emendarique
1507 1904 1740 1969 possent.

409 1981 459 2039 N
464 2024 477 2037 .
503 1999 624 2037 nv.
669 1981 879 2037 Δέλυται
904 1983 984 2035 καὶ
1008 1983 1064 2036 τὸ
1088 1976 1244 2054 εἶναι]
1307 1984 1584 2055 Expuncta
1608 1984 1795 2037 vocula
1818 1976 1935 2035 εἶναι
1958 1989 2224 2055 utcunque
2242 1980 2506 2039 sententia
2528 2001 2612 2039 co-

275 2064 524 2121 haerebit.

407 2152 476 2206 N.
501 2170 664 2213 xum.
713 2151 856 2207 Ἀλλ’
881 2153 998 2208 οὐδὲ
1019 2153 1046 2208 ὁ
1072 2153 1352 2216 ἀπόστολος
1376 2153 1692 2222 duodenae]
1761 2153 2057 2209 Methodius
2090 2156 2167 2208 ita
2197 2157 2260 2208 de
2283 2158 2507 2227 apostoli
2528 2173 2611 2209 ra-

273 2244 368 2309 ptu
399 2238 584 2302 sentit,
619 2246 678 2295 ut
708 2240 764 2294 in
798 2240 1002 2294 coelum
1031 2241 1228 2312 primo,
1262 2248 1375 2296 tum
1407 2242 1461 2295 in
1491 2240 1796 2312 paradisum
1826 2237 2180 2295 terrenum'sit
2202 2248 2437 2307 evectus,
2472 2241 2612 2312 quod

274 2324 490 2381 uberiu-
511 2322 756 2383 dominat.

407 2407 474 2467 N.
500 2427 626 2467 nvn.
671 2408 746 2463 Οὐ
771 2410 864 2480 γὰρ
890 2408 967 2481 ἐφ’
991 2409 1106 2482 ἡμῖν
1131 2410 1304 2480 δλως.]
1366 2413 1642 2467 Praeclara
1676 2417 1729 2465 et
1750 2410 2007 2467 catholica
2028 2412 2300 2482 apostolici
2321 2413 2461 2467 illius
2487 2413 2612 2467 dicti

273 2495 562 2560 sententia,
587 2510 747 2566 quam
766 2495 1061 2553 Methodius
1086 2499 1326 2569 exponit,
1351 2504 1404 2551 et
1426 2498 1672 2551 adversus
1696 2495 1975 2551 hodiernae
1998 2496 2226 2551 haeresis
2248 2496 2509 2551 inscitiam
2533 2504 2611 2551 at-

274 2597 377 2656 que
397 2580 788 2652 improbitatem
811 2582 1136 2638 observanda
1157 2582 1448 2654 diligenter,
1472 2583 1562 2655 qui
1586 2583 2085 2654 concupiscentiam,
2122 2588 2175 2636 et
2207 2599 2340 2654 quae
2372 2600 2438 2637 ex
2470 2584 2609 2637 illius

274 2666 591 2737 contagione
613 2666 789 2722 invitis
813 2669 964 2724 nobis
990 2669 1268 2740 obrepunt,
1303 2685 1424 2722 vere
1448 2684 1562 2723 esse
1583 2675 1799 2739 peccata
1823 2667 2103 2732 definiunt,
2136 2685 2239 2738 quo
2271 2669 2479 2722 nomine
2503 2686 2609 2722 non

273 2752 380 2806 iam
405 2750 676 2823 καθαροὺς,
701 2752 793 2810 sed
817 2749 1118 2824 ἀκαθάρτους
1142 2761 1194 2807 et
1215 2754 1597 2825 impurissimos
1622 2770 1679 2807 se
1704 2771 1818 2808 esse
1840 2754 2026 2807 merito
2051 2754 2372 2823 profitentur.

409 2836 474 2892 N.
500 2855 651 2892 um.
697 2834 823 2889 Ὗπὶ)
850 2843 936 2891 τοῦ
961 2838 1231 2909 μακαρίτου
1256 2837 1539 2906 Maeotiam]
1589 2838 1805 2892 Notabis
1828 2837 2149 2891 Methodium
2174 2838 2274 2890 alio
2300 2837 2507 2889 nomine
2533 2836 2606 2890 di·
2658 2841 2809 2891 11-282·

274 2929 419 2977 ctum
439 2922 740 2977 Eubulium.

409 3006 615 3069 Πάντως
640 3027 734 3060 που
760 3008 838 3061 καὶ
862 3005 952 3075 ἔπη
976 3012 1233 3077 τοσαῦτα.]
1279 3005 1416 3076 Ἔπη
1440 3013 1563 3063 sunt
1585 3009 1769 3073 verba,
1790 3025 1895 3062 non
1920 3024 2115 3060 versus.

409 3091 472 3150 Et
492 3091 588 3166 γάρ
612 3091 738 3146 ἐστιν
763 3093 936 3161 ἀληθὲς
959 3094 988 3149 ὃ
1013 3094 1120 3164 περὶ
1148 3098 1239 3148 σοῦ
1275 3093 1477 3168 ᾄδεται]
1547 3095 1642 3149 Hic
1676 3095 1763 3148 ille
1798 3095 1943 3147 locus
1980 3098 2084 3157 est,
2120 3108 2188 3144 ex
2224 3108 2326 3164 quo
2361 3090 2603 3146 Ruffinus

276 3177 518 3250 origenis
554 3179 839 3245 adamatur,
873 3185 926 3233 et
960 3180 1027 3234 ab
1050 3180 1367 3250 Hieronymo
1403 3187 1558 3251 atque
1580 3177 1870 3251 Epiphanio
1895 3178 1963 3232 ob
1994 3177 2047 3230 id
2081 3176 2307 3243 alienus,
2341 3179 2607 3232 asserebat

273 3261 624 3336 Epiphaniam
646 3265 870 3320 iactasse
895 3284 949 3319 vr
970 3265 1219 3321 librorum
1241 3267 1387 3320 milia
1418 3265 1483 3318 ab
1508 3264 1732 3334 Origene
1765 3264 2057 3334 conscripta
2088 3279 2145 3316 se
2175 3263 2386 3333 legisse.
2455 3262 2605 3327 Quod

273 3349 619 3420 nugacissimi
651 3366 711 3403 ac
743 3351 1014 3404 vanissimi
1047 3350 1273 3405 hominis
1308 3356 1657 3405 commentum
1688 3349 1877 3402 refellit
1906 3349 2253 3417 Hieronymus
2286 3349 2435 3419 Apol.
2459 3367 2517 3404 11.
2546 3351 2603 3403 in

275 3435 516 3490 eundem.
574 3434 844 3506 Nusquam
879 3437 1019 3490 enim
1053 3442 1143 3489 aut
1177 3436 1238 3489 de
1270 3437 1517 3490 librorum
1551 3451 1770 3488 numero
1815 3434 2095 3488 affirmavit
2126 3432 2472 3505 Epiphanius,
2513 3441 2605 3488 aut

275 3520 491 3576 totidem
527 3536 560 3572 a
592 3535 650 3574 se
684 3521 847 3575 lectos
883 3520 1220 3575 confirmavit.
1289 3519 1444 3573 Addit
1465 3519 1673 3573 Hieron.
1699 3520 1760 3573 de
1787 3520 2027 3590 Origenis
2064 3520 2269 3590 scriptis
2293 3519 2504 3573 Eusebii
2528 3526 2602 3572 te-

273 3606 594 3659 stimonium.

404 3691 471 3745 N.
491 3709 635 3746 nux.
669 3691 761 3745 Καὶ
786 3692 978 3761 διαιρεῖν
996 3689 1059 3752 εἰς
1079 3689 1271 3743 δώδεκα
1289 3687 1475 3758 ὁδούς]
1516 3688 1649 3743 Gum
1672 3690 1885 3743 rubrum
1909 3705 2051 3743 mare
2075 3690 2386 3744 traiecerunt
2406 3689 2601 3754 Iudaei,

272 3776 490 3834 totidem
513 3778 795 3848 impressas
818 3778 953 3842 vias,
978 3781 1104 3847 quot
1126 3782 1274 3829 erant
1292 3776 1484 3840 tribus,
1505 3775 1859 3830 Hebraeorum
1882 3775 2091 3828 traditio
2116 3781 2216 3841 est,
2242 3791 2399 3846 quam
2420 3774 2600 3844 Orige-

272 3877 365 3914 nes
390 3868 674 3928 memorat‚
695 3863 887 3917 Homil.
906 3880 956 3916 v.
979 3861 1034 3914 in
1055 3859 1324 3926 Exodum‚
1347 3865 1402 3914 et
1420 3859 1688 3914 Kimchius
1713 3860 1767 3914 ln
1790 3859 1927 3915 Psal.
1947 3876 2161 3914 cxxxvr.

405 3947 471 4002 N.
498 3965 621 4006 Lxx.
666 3946 750 4008 Ὦς
773 3947 854 3999 καὶ
877 3944 906 3997 ὁ
930 3945 1149 3998 καλλίων
1174 3944 1481 4015 μακαρίτης]
1529 3945 1672 4000 Corr.
1700 3943 1766 4006 ὧς
1794 3945 1872 3997 καὶ
1896 3944 2098 3997 κάλλιον
2124 3943 2150 3997 ὁ
2177 3945 2459 4015 μακαρίτης.

407 4028 580 4085 Ἔστιν
605 4030 719 4085 ἰδεῖν
743 4029 804 4084 τὰ
825 4029 1081 4102 ἐπίχειρα]
1151 4029 1304 4084 Forte
1327 4027 1388 4081 τὰ
1411 4027 1489 4081 ἐπὶ
1512 4033 1681 4101 χεῖρα,
1715 4030 1841 4083 haec
1875 4047 2008 4102 quae
2030 4047 2153 4101 prae
2177 4032 2418 4085 manibus
2441 4028 2598 4083 habe-

273 4134 392 4172 mus
417 4131 478 4171 ac
500 4117 564 4172 de
589 4119 775 4188 quibus
799 4118 1021 4188 aglmus.

407 4203 470 4256 N.
489 4221 633 4257 un.
657 4202 749 4254 Καὶ
765 4200 1009 4273 Σολομὼν
1029 4198 1077 4253 ἐν
1096 4199 1422 4272 nepotulum]
1458 4200 1691 4271 Longius
1715 4202 1966 4254 arcessita
1988 4200 2117 4254 haec
2139 4202 2240 4254 loci
2262 4199 2416 4253 huius
2442 4199 2595 4253 inter-

273 4289 491 4358 pretatio
526 4296 581 4343 et
608 4288 674 4341 ad
700 4286 950 4343 Graecam
982 4287 1259 4341 editionem
1283 4285 1691 4340 accommodata.
1752 4286 1887 4339 Nam
1910 4287 2146 4340 Hebraea
2168 4286 2367 4338 nullam
2389 4290 2595 4339 senten-

274 4375 374 4428 tiae
394 4375 534 4428 illius
556 4373 993 4443 significationem
1015 4371 1329 4443 praeferunt.
1394 4372 1641 4426 Hortatur
1671 4372 1907 4443 sapiens,
1940 4378 1998 4424 ut
2024 4372 2248 4424 rusticae
2281 4371 2356 4425 rei
2384 4376 2439 4424 et
2458 4372 2595 4441 agri-

276 4460 500 4518 culturae
521 4458 743 4529 diligens
760 4457 1012 4511 habeatur
1031 4457 1182 4511 ratio.

405 4544 544 4598 Φασὶ
567 4542 664 4616 γὰρ
686 4541 732 4598 οἱ
756 4542 1084 4615 φυσιολόγοι]
1129 4542 1342 4608 Μυωξοῦ
1365 4542 1603 4600 meminit
1624 4542 1679 4596 iu
1704 4543 1975 4598 Ancorato.
