3185 5219
606 366 1015 424 000me

671 539 892 594 eabbato
927 539 1312 610 δευτεροπρώτῳ
1335 540 1433 606 61.,
1467 540 1533 594 de
1560 543 1715 595 Asea·

670 626 880 679 monaei
913 625 1035 678 filiis
1060 624 1142 679 78.
1180 625 1262 678 81.
1297 625 1398 690 84.,
1434 627 1502 679 ab
1537 628 1715 698 inepta

670 710 925 780 Scaligeri
969 709 1369 780 reprehensione
1421 711 1714 766 vindicatur

676 796 803 862 170„
839 796 954 865 ejus
989 796 1123 860 ratio
1160 796 1223 850 de
1258 797 1424 850 tribus
1448 797 1710 851 Paecbati-

667 882 766 935 bue
791 881 923 946 205„
947 898 1077 935 uene
1097 882 1312 936 ‘nomine
1330 883 1590 937 Valeriani
1617 901 1709 953 pro

667 966 871 1020 Claudii
903 967 1118 1021 nomine
1155 967 1288 1032 283„
1323 969 1377 1022 in
1405 969 1509 1022 Arii
1546 976 1715 1023 morte

663 1053 863 1106 fallitur
886 1052 1018 1112 286..
1047 1052 1100 1106 in
1128 1052 1378 1107 Paecbate
1401 1055 1712 1108 celebrando

663 1139 797 1202 291„
832 1139 1127 1192 vindicatur
1160 1154 1193 1191 a
1234 1140 1529 1210 suspicione
1568 1141 1711 1193 Aria·

663 1225 823 1279 niemi
1594 1225 1710 1278 324.

594 1309 868 1380 Epiphanii
901 1311 1161 1363 sententia
1202 1310 1492 1380 explicatur
1526 1310 1590 1363 de
1628 1310 1710 1363 die

662 1396 824 1449 natali
859 1393 1053 1448 Christi
1592 1395 1703 1449 127.

591 1481 762 1535 nodus
822 1498 890 1535 ex
920 1479 1222 1552 ‘Epiphanio
1275 1480 1425 1533 valde
1477 1479 1706 1534 difficilis

665 1566 777 1622 180.
796 1568 931 1621 mira
947 1567 1061 1636 ejus
1087 1566 1344 1619 sententia
1361 1565 1483 1621 ibid.
1520 1573 1574 1619 et
1596 1566 1708 1620 181.

591 1651 910 1722 Epiphaniae
952 1650 1063 1704 diee
1106 1668 1208 1721 quo
1255 1651 1360 1705 ritu
1403 1660 1460 1704 ¹et
1493 1667 1597 1721 quo
1625 1651 1704 1720 je-

650 1737 803 1807 junio
838 1737 1184 1790 celebraretur
1585 1736 1705 1793 359.

588 1821 906 1893 Epiphaniae
940 1822 1114 1891 plures
1147 1822 1307 1876 variis
1332 1823 1384 1875 in
1411 1821 1538 1876 locis
1573 1823 1705 1877 sitae

659 1908 813 1961 urbee
845 1905 946 1961 hoc
969 1907 1180 1960 nomine
1584 1907 1702 1963 326.

588 1990 913 2066 ’Βιζιφώωιειν
949 1992 1074 2063 quid
1107 1993 1179 2046 eit
1588 1993 1700 2048 187.

586 2077 866 2148 Episemou
904 2094 1059 2148 quam
1093 2084 1276 2132 notam
1308 2078 1445 2149 apud
1472 2077 1699 2133 Graecos

652 2163 918 2233 eignificet
1617 2164 1701 2219 73.

585 2248 772 2302 Esseni
805 2250 889 2303 vel
912 2248 1091 2302 Essaei
1129 2249 1219 2319 qui
1252 2249 1494 2304 dicuntur
1527 2266 1561 2302 a
1582 2248 1700 2303 Phi·

651 2336 772 2388 lone
802 2333 1006 2387 Judaeo
1615 2334 1698 2388 54.

585 2419 902 2473 Eeeenorum
938 2419 1078 2490 quod
1111 2417 1267 2473 fuerit
1289 2420 1585 2474 institutum
1621 2420 1697 2476 di·

652 2521 860 2558 versum
886 2520 917 2557 a
943 2503 1222 2558 Gor-thenis
1248 2511 1301 2557 et
1325 2505 1577 2562 Sebuaeie
1614 2506 1696 2561 26.

583 2589 899 2645 Εοεοιιοιιιιιι
955 2590 1057 2645 duo
1109 2606 1305 2661 genera
1366 2597 1420 2645 et
1475 2592 1698 2662 qualiter

648 2677 892 2731 distincta
1612 2678 1695 2733 53.

579 2761 741 2819 Evam
757 2802 772 2828 ‚
807 2762 971 2829 Evae,
1005 2761 1186 2832 Eubye
1211 2779 1396 2816 vocum
1418 2779 1542 2816 vera
1565 2763 1697 2817 deri·

648 2849 789 2903 vatio
1612 2848 1695 2904 33.

579 2933 901 3006 Εὐχαριστέὶν
947 2950 1048 3004 quo
1093 2924 1253 2989 ieneu
1307 2934 1591 3004 accipiatur
1642 2940 1694 2987 et

646 3019 932 3090 εὐχαριστία
1607 3018 1640 3071 7
1649 3020 1689 3072 1.

535 3088 542 3097 ⁸
576 3102 790 3157 Eusebii
812 3120 958 3158 error
979 3105 1032 3157 in
1058 3104 1273 3157 Herodis
1309 3106 1462 3157 annis
1498 3120 1689 3175 suppu-

643 3190 815 3243 tandis
1574 3190 1689 3244 126.

575 3272 1015 3345 Exbomologeaie
1051 3275 1174 3344 quid
1210 3275 1282 3327 eit
1314 3279 1367 3327 et
1401 3274 1623 3343 qualiter
1656 3290 1686 3327 a

641 3360 877 3429 partibus
903 3368 1153 3430 usurpata
1177 3360 1313 3424 250„
1349 3374 1413 3412 ea
1445 3360 1690 3413 convenit

641 3446 791 3500 tertio
818 3447 1166 3516 poenitentiae
1190 3444 1377 3516 gradui
1401 3447 1488 3515 qui
1526 3442 1688 3496 ὑπόπ-

639 3547 785 3592 τωσις
821 3527 1007 3585 dicitur
1541 3530 1687 3585 ibid.

571 3615 1007 3688 Exbomologoeie
1034 3617 1159 3687 qnid
1181 3618 1260 3671 eit.
1274 3621 1327 3671 et
1360 3633 1465 3687 quo
1490 3632 1524 3671 a
1558 3632 1682 3670 con-

636 3702 865 3757 fessione
898 3703 1102 3757 differat
1601 3701 1684 3755 71.

1082 3844 1149 3909 F.

567 3940 810 3996 Feminae
828 3943 1132 3999 clericorum
1153 3944 1548 3999 contubernales
1567 3959 1685 4014 pro·

635 4027 916 4083 bibuerunt
936 4031 1072 4085 eacri
1094 4032 1431 4085 conciliorum
1455 4045 1684 4083 canones

1558 4114 1675 4171 331.

1091 4274 1158 4339 G.

566 4369 868 4426 Gadarenae
899 4371 1135 4428 thermae
1179 4390 1284 4444 qua
1325 4391 1382 4429 re
1415 4382 1466 4429 et
1499 4393 1533 4430 a
1566 4393 1671 4448 quo

631 4458 1027 4514 commendatae
1589 4465 1673 4519 56.

566 4539 793 4609 Gagates
838 4545 970 4615 lapis
1005 4547 1142 4601 unde
1178 4565 1370 4605 nomen
1405 4552 1586 4609 babuit
1621 4564 1674 4610 et

629 4626 743 4698 ejus
777 4630 913 4683 vires
1589 4642 1675 4695 88.

1823 539 1967 596 Gaza
2022 556 2126 597 vox
2170 542 2373 598 Penica
2427 545 2588 599 eham
2641 561 2674 598 a
2725 545 2933 600 sudaei·

1885 636 2135 697 usurpata
2855 632 2931 687 56.

1815 711 2022 777 Γενητον
2051 720 2105 765 ot
2135 713 2371 779 Γεννητὶιν
2403 715 2666 785 quomodo
2700 715 2933 770 differant

1815 882 2169 952 Genealogiae
2213 899 2243 936 a
2282 885 2547 939 Matthaeo
2581 886 2804 940 traditae
2836 904 2921 940 ex·

1883 969 2133 1021 aminatio
2851 971 2928 1026 20.

1818 1052 2191 1106 Generationee
2228 1056 2296 1106 ab
2323 1056 2521 1109 Adamo
2558 1058 2625 1109 ad
2655 1056 2929 1118 Abrabam.

1882 1140 1951 1190 ab
2004 1139 2301 1192 Abrabamo
2366 1141 2431 1193 ad
2485 1141 2751 1196 Christum
2811 1149 2931 1212 quot

1892 1223 2088 1276 fuerint
2818 1227 2926 1280 287.

1817 1306 2288 1463 θᾘιίἰὲιῐιιᾱιιὶε
2302 1318 2582 1381 usurpatur
2592 1328 2719 1366 voce
2732 1311 2925 1451 Graan

1809 1476 2046 1534 Gnoetici
2080 1480 2217 1533 unde
2251 1479 2374 1534 dicti
2399 1486 2454 1535 et
2489 1497 2625 1552 quae
2661 1482 2925 1536 axiomata

1874 1566 2148 1634 praecipue
2169 1566 2471 1620 asserebant
2491 1568 2592 1632 44„
2626 1584 2719 1622 eoa
2753 1571 2922 1638 Augu·

1874 1649 2043 1702 atinus
2094 1658 2247 1703 vocat
2284 1650 2559 1705 fabulones
2590 1654 2705 1716 45..
2748 1670 2920 1708 eorum

1874 1733 2051 1787 decem
2111 1750 2307 1804 genera
2365 1753 2399 1789 a
2452 1737 2671 1792 totidem
2726 1740 2919 1792 duabus

1875 1826 2166 1889 propagata
2803 1824 2918 1879 ibid.

1807 1902 2216 1973 Golgotbaeeiue
2252 1905 2524 1961 Calvariae
2573 1908 2721 1963 locus
2755 1925 2821 1962 an
2856 1912 2916 1963 ab

1872 1988 2059 2043 Adami
2093 1989 2343 2044 cadavere
2836 1995 2913 2050 84.

2339 2149 2418 2212 Η.

1801 2243 2209 2300 Hebdomaditae
2245 2245 2381 2300 unde
2414 2246 2560 2312 dicti,
2594 2255 2649 2302 et
2672 2265 2809 2319 quae
2839 2266 2914 2304 ra·

1868 2330 1942 2383 tio
1976 2329 2129 2384 iatine
2162 2333 2393 2386 nominis
2834 2335 2913 2389 23.

1798 2412 1974 2469 fleber
2016 2416 2154 2469 unde
2189 2416 2386 2487 Phaleg
2432 2434 2623 2473 nemen
2666 2419 2779 2474 filio
2820 2437 2912 2475 auo

1866 2501 2173 2572 imposuerit
2839 2506 2911 2561 13.

1798 2586 2039 2640 Haereeie
2084 2603 2275 2641 nomen
2319 2604 2425 2659 quo
2472 2604 2634 2644 senen
2678 2591 2751 2645 eit
2782 2593 2911 2646 acci·

1866 2672 2114 2742 piendum
2149 2675 2202 2726 in
2238 2673 2524 2745 Epiphanio
2562 2732 2571 2739 ,
2863 2678 2910 2731 2.

1800 2756 2056 2823 Eureeis,
2067 2757 2294 2813 schisma
2312 2768 2364 2812 et
2374 2776 2774 2833 parasynagoge
2786 2780 2908 2835 quo-

1865 2843 2021 2896 modo
2057 2842 2298 2898 differant
2792 2849 2907 2905 340.

1796 2927 2094 2983 Haeresoon
2133 2945 2195 2982 ac
2218 2929 2485 3000 religionis
2510 2936 2808 3004 progressio
2842 2937 2907 2989 ab

1860 3013 2150 3084 Epiphanio
2172 3022 2379 3070 rectene
2396 3016 2553 3071 fuerit
2568 3022 2813 3090 exposite.
2832 3022 2906 3076 14.

1792 3099 2092 3155 Haereaeon
2139 3103 2439 3172 catalogum
2483 3106 2572 3173 qui
2614 3121 2682 3159 ex
2728 3108 2908 3160 veteri·

1861 3185 1958 3241 bue
2014 3194 2068 3239 et
2111 3188 2484 3242 recentioribus
2546 3205 2616 3243 ex
2672 3193 2904 3261 profeeeo

1858 3279 2231 3325 recensuerunt
2860 3280 2901 3332 l.

1788 3355 2083 3410 Haereseon
2121 3359 2391 3427 octoginta
2423 3359 2769 3416 dinumeratio
2802 3379 2902 3433 quo

1858 3448 2008 3510 pacto
2033 3442 2105 3494 eit
2124 3444 2561 3499 considerandain
2574 3445 2839 3519 hocopere
2855 3449 2900 3502 2.

1790 3524 2083 3580 Haereeeon
2108 3528 2294 3582 vitiosa
2311 3529 2497 3585 divieio
2522 3548 2656 3601 quae
2695 3535 2766 3586 ab
2786 3534 2901 3605 Epi-

1856 3611 2047 3682 phanio
2082 3613 2300 3668 traditur
2852 3620 2898 3673 2.

1785 3696 2040 3753 Haeretici
2071 3701 2238 3753 nostri
2261 3703 2511 3772 temporie
2553 3704 2789 3775 improbe
2822 3707 2897 3759 in·

1851 3789 2117 3837 sectantur
2152 3784 2448 3841 Catholicoe
2496 3790 2563 3842 ob
2596 3792 2897 3861 nuptiarum

1852 3874 1905 3921 et
1941 3869 2173 3924 ciborum
2208 3872 2579 3929 abstinentiam
2813 3876 2896 3932 85.

1787 3952 2038 4010 Haeretici
2071 3957 2390 4011 reconciliati
2422 3975 2491 4013 an
2517 3961 2707 4016 iterum
2732 3963 2895 4034 bapti·

1853 4039 2004 4093 nendi
2046 4047 2102 4094 et
2143 4041 2278 4096 inter
2312 4045 2486 4099 varias
2521 4044 2891 4103 baereticorum

1847 4131 2020 4178 sectas
2056 4127 2147 4197 qui
2180 4144 2236 4182 re
2271 4129 2567 4200 baptizandi
2770 4134 2886 4190 340.

1777 4210 1996 4265 Herodis
2050 4220 2288 4282 parentee
2342 4216 2433 4285 qui
2478 4217 2891 4275 fuerintvanae
2816 4222 2828 4235 '

1843 4298 2113 4367 opiniones
2805 4307 2888 4362 39.

1774 4382 1875 4436 eub
1921 4398 2024 4452 que
2059 4383 2262 4440 Herode
2297 4386 2533 4445 Obriatue
2580 4398 2664 4447 eet
2706 4410 2887 4465 panem

2772 4480 2884 4534 331.

1775 4552 1993 4609 Herodis
2017 4555 2234 4615 historia
2276 4569 2517 4617 accurate
2555 4581 2623 4620 ex
2658 4568 2884 4638 Josepbo

1846 4639 2155 4698 describitur
2634 4654 2881 4708 121.122.
