3185 5219
572 380 821 439 com

1037 606 1125 661 AD
1160 604 1508 661 mansur
1539 603 1719 671 LXV„
1761 603 1963 660 PAULI
1995 602 2445 660 smoss'rmn.

709 710 772 765 N.
796 730 833 765 1.
880 709 964 762 Ἐν
987 708 1187 781 ἡμέραις
1210 708 1558 781 Αὖρηλιανοΰ.]
1625 707 1739 762 Imo
1760 724 1882 762 vero
1917 707 2015 761 sub
2041 707 2277 761 Gallieno
2310 711 2431 778 post
2451 705 2770 761 Demetriani
2799 706 2908 760 obi·

574 803 705 853 tum.
739 794 994 850 Eusebius
1015 794 1107 851 lib.
1127 813 1218 849 vn.
1242 795 1434 848 Hister.
1460 810 1571 864 cap.
1591 810 1723 847 un.
1758 793 2011 865 Inposuit
2030 792 2320 864 Epiphanio
2345 791 2484 862 quod
2505 791 2606 846 snb
2627 792 2908 846 Δια-σῶα

575 883 851 937 damnatus
876 889 929 935 et
950 882 1253 951 episcopatu
1275 881 1503 933 deiectus
1528 885 1633 945 est;
1663 878 1896 949 adeoque
1917 879 2185 933 Aureliani
2207 877 2411 932 decreto
2425 916 2439 943 ,
2464 876 2603 949 quod
2626 875 2910 931 Christiani

577 968 834 1022 antistites
856 968 1213 1037 impetrarunt.
1262 965 1365 1019 Sed
1390 967 1745 1036 episcopatum
1768 965 1970 1035 aliquot
1991 964 2142 1018 annis
2166 969 2286 1017 ante
2310 970 2532 1034 ceperat.

710 1051 813 1119 Τὴν
837 1052 1016 1121 alpem»
1051 1056 1141 1104 τοῦ
1164 1048 1510 1121 Ἀρτέμωνος]
1577 1051 1818 1104 Meminit
1847 1050 2105 1105 Eusebius
2137 1050 2228 1104 lib.
2246 1068 2296 1105 v.
2330 1065 2443 1120 cap.
2461 1066 2626 1104 nvn.
2696 1046 2907 1120 Niceph.

575 1140 665 1192 lib.
684 1156 754 1192 nv.
778 1153 892 1209 cap.
910 1156 997 1191 xx.
1045 1136 1175 1190 Vide
1198 1137 1336 1206 Aug.
1359 1138 1416 1189 in
1439 1135 1643 1189 haeresi
1665 1134 2049 1190 Paulianorum.

710 1219 901 1294 Ὧςπερ
925 1221 1094 1293 ἀμέλει
1119 1221 1198 1273 καὶ
1224 1218 1252 1273 ὅ
1277 1220 1587 1290 Σαβέλλιος]
1646 1220 1835 1275 Novati
1854 1238 2048 1275 nomen
2071 1236 2343 1292 perperam
2364 1220 2588 1292 irrepsit.
2648 1218 2785 1273 Nam
2806 1217 2907 1273 No·

574 1309 799 1373 vatiani,
822 1307 962 1378 quod
984 1308 1272 1361 trinitatem
1295 1308 1507 1372 attinet,
1529 1305 1659 1361 nihil
1682 1322 1715 1359 a
1737 1305 2003 1361 catholicis
2027 1306 2413 1372 dissenserunt,
2449 1309 2507 1359 ut
2538 1307 2596 1359 in
2618 1305 2908 1359 Annalibus

577 1395 756 1449 docuit
776 1393 967 1448 Barou.
991 1409 1038 1449 a.
1058 1392 1173 1447 255.

712 1479 775 1535 N.
799 1497 856 1533 ιι.
904 1476 1105 1546 Τᾶληθῆ
1131 1477 1211 1547 δὲ,
1235 1476 1312 1531 ὅτι
1336 1477 1447 1531 οὔτε
1470 1478 1773 1550 περιτομήν.]
1843 1478 2055 1532 Frustra
2086 1477 2249 1547 igitur
2280 1478 2337 1530 in
2368 1479 2481 1531 eius
2514 1476 2720 1531 haeresi
2740 1475 2907 1531 Phil·-

579 1568 736 1620 strius
761 1566 1210 1619 circumcisionem
1229 1565 1377 1617 illum
1402 1564 1643 1618 docuisse
1665 1562 1964 1628 confirmat,
1997 1563 2135 1634 quod
2168 1578 2339 1633 neque
2360 1563 2711 1633 Augustinus,
2742 1578 2909 1633 neque

579 1651 828 1722 synodica
859 1651 951 1704 illa
982 1648 1294 1703 Antiocheui
1328 1651 1556 1715 concilii,
1591 1648 1731 1719 quod
1764 1648 2011 1703 adversus
2050 1638 2273 1702 eundem
2313 1648 2632 1703 celebratum
2670 1655 2777 1714 est,
2815 1662 2909 1702 nec

580 1736 713 1791 alius
737 1736 1014 1806 quisquam
1037 1735 1278 1805 prodidit.

715 1820 780 1876 N.
807 1838 876 1874 w.
924 1819 1014 1880 Ὦς
1038 1819 1091 1872 δὲ
1116 1818 1162 1872 οἱ
1185 1815 1330 1873 ἄλλοι
1353 1817 1590 1889 ἐκδότω]
1646 1821 1922 1874 Paululum
1946 1820 2151 1874 diversa
2172 1825 2298 1874 sunt
2318 1826 2554 1874 veterum
2575 1822 2909 1891 interpretum

580 1907 767 1972 verba,
803 1922 939 1977 quae
971 1907 1028 1958 in
1061 1906 1218 1959 variis
1253 1905 1545 1960 Bibliorum
1579 1906 1887 1960 lectionibus
1921 1905 2351 1959 circunferuntur.
2418 1905 2553 1959 Nam
2593 1920 2659 1959 ex
2693 1904 2911 1974 Aquilae

584 1992 807 2046 editione
841 1991 915 2044 ita
949 1992 1260 2062 concipitur:
1295 1989 1392 2044 dub
1421 1992 1607 2063 μήτρας
1630 1990 2013 2062 ὶξωρθρισμένου
2037 2009 2114 2043 σοι
2137 1991 2316 2061 δρόσος
2350 1991 2662 2057 παιδιότητός
2697 2006 2805 2042 σου.
2870 1988 2911 2043 Ε

583 2076 897 2147 Symmacho
920 2094 1066 2131 vero:
1104 2073 1170 2139 ὡς
1195 2075 1305 2131 κατ’
1330 2072 1504 2148 ὄρθρον
1530 2095 1609 2129 σοι
1634 2077 1811 2146 δρόσος
1834 2075 1865 2143 ἡ
1889 2078 2055 2143 νεότης
2079 2093 2185 2129 σου.
2254 2076 2337 2129 Ex
2370 2078 2555 2146 quinta
2582 2075 2829 2146 denique:
2860 2073 2912 2126 ἐι

585 2163 770 2233 μήτρας
793 2160 870 2214 ἐπὶ
896 2157 1073 2234 ὄρθρου
1099 2180 1178 2215 σοι
1201 2163 1378 2233 δρόσος
1401 2160 1432 2229 ἡ
1458 2164 1625 2228 νεότης
1649 2180 1756 2218 σου.
1803 2180 1910 2219 nxx
1933 2162 2000 2215 ad
2021 2178 2236 2216 sensum
2256 2162 2457 2232 potius,
2487 2176 2647 2232 quam
2671 2160 2736 2214 ad
2758 2162 2917 2215 verba

581 2254 940 2320 respexerunt.
1009 2248 1179 2312 Quam
1211 2256 1386 2303 autem
1409 2249 1583 2301 variae
1616 2252 1728 2300 tam
1758 2253 2056 2303 nostrorum
2091 2262 2252 2318 qnam
2282 2247 2603 2302 Rabinorum
2635 2248 2744 2300 sint
2765 2246 2831 2300 de
2852 2263 2912 2301 eo

583 2335 697 2389 loco
721 2335 1009 2389 sententiae
1068 2351 1134 2387 ex
1163 2334 1375 2388 illorum
1399 2334 1784 2387 commentariis
1807 2341 2037 2404 repetere
2059 2333 2195 2387 licet.
2264 2334 2499 2388 Hebraea
2518 2333 2596 2386 ita
2616 2332 2773 2388 hodie
2795 2348 2914 2386 con·

584 2429 845 2500 cipiuntur
879 2374 1093 2513 *ln-¹3⁸
1127 2400 1229 2501 bn
1267 2400 1357 2513 ’,ᾖ
1400 2435 1617 2491 *mum
1659 2430 1865 2489 ΕΗἾὯ
1898 2426 1998 2480 hoc
2033 2433 2136 2493 est,
2178 2444 2246 2482 ex
2287 2434 2432 2481 utero
2447 2467 2461 2492 ,
2502 2432 2623 2480 ante
2657 2442 2914 2491 auroram,

583 2523 691 2587 vel,
727 2523 795 2576 ab
819 2538 1029 2587 aurora,
1060 2523 1155 2576 tibi
1179 2540 1263 2575 ros
1288 2523 1574 2575 nativitatis
1599 2526 1735 2576 tuae.
1805 2504 1908 2575 ur
1934 2522 2174 2592 legerunt
2204 2492 2444 2608 '‘pn-15³
2478 2526 2632 2590 qenai
2653 2531 2715 2576 te.
2782 2518 2912 2574 Hinc

585 2607 720 2678 apud
743 2605 1094 2679 Epiphaniam
1114 2626 1208 2680 pro
1234 2605 1473 2680 ἰελεδέχεθ
1497 2607 1720 2661 fortasse
1743 2607 2165 2662 substituendum
2189 2613 2269 2661 est
2290 2604 2556 2678 ἶελεδέθεχς
2587 2606 2723 2661 utin
2745 2606 2913 2660 Hexa-

583 2693 685 2763 plis
710 2692 1004 2763 Octaplisve
1028 2694 1178 2747 colon
1199 2694 1328 2747 illud
1351 2694 1798 2764 repraesentabat,
1821 2695 1876 2746 iu
1898 2711 2003 2764 quo
2020 2693 2277 2747 Hebraica
2297 2692 2511 2747 Graecis
2534 2691 2913 2746 characteribus

586 2778 778 2850 scripta
797 2779 1120 2848 legebantur.
1155 2779 1267 2835 Iam
1289 2779 1418 2834 illud
1442 2778 1635 2834 λακτὰλ
1651 2778 1974 2850 Epiphanius
1999 2780 2152 2833 vertit
2174 2778 2254 2830 καὶ
2277 2777 2373 2848 πρὸ
2392 2782 2477 2846 τῆς
2502 2778 2682 2850 δρόσου
2707 2776 2911 2830 παιδίον.

585 2869 729 2937 Quae
752 2878 876 2924 suut
898 2871 1000 2925 duo
1025 2888 1084 2926 ac
1110 2874 1313 2929 diversa
1328 2875 1472 2928 vocis
1496 2874 1729 2927 eiusdem
1749 2874 2083 2943 glossemata.
2139 2845 2241 2946 bt:
2266 2889 2435 2925 rorem
2459 2871 2737 2943 siguificat.
2788 2842 2911 2941 '⁴50

584 2966 669 3019 701
690 2937 868 3038 '580
892 2966 975 3018 vel
1000 2941 1174 3036 &³522
1198 2985 1414 3039 puerum
1440 2974 1493 3022 et
1514 2968 1794 3034 infantem,
1827 2968 1918 3022 sed
1944 2967 2244 3033 Chaldaice,
2277 2983 2382 3020 non
2411 2967 2678 3020 Hebraico.
2748 2964 2913 3031 Quare

585 3049 717 3106 nihil
738 3050 805 3103 ad
826 3048 964 3104 hunc
985 3051 1158 3105 locum
1180 3056 1432 3122 posterior
1455 3055 1556 3106 ista
1579 3055 1723 3107 notio
1747 3054 1985 3124 pertinet.

721 3135 785 3190 N.
809 3153 857 3188 v.
905 3135 1062 3196 Λέξειε
1084 3133 1130 3188 δ’
1157 3132 1212 3187 ἄν
1238 3154 1320 3197 τις·
1347 3135 1563 3205 ἔδειξας]
1633 3140 1862 3209 Angelos
1887 3146 2007 3194 ante
2030 3139 2213 3193 mundi
2236 3140 2643 3209 procreationem
2666 3153 2700 3190 a
2723 3136 2819 3191 deo
2840 3136 2912 3191 fa-

587 3224 700 3274 ctos
719 3236 836 3274 esse
853 3221 1087 3291 plerique
1104 3225 1340 3274 veterum
1356 3229 1562 3292 patrum
1574 3263 1587 3287 ‚
1612 3226 1913 3294 praesertim
1934 3225 2274 3291 Graecorum,
2294 3225 2526 3280 arbitrati
2550 3229 2694 3288 sunt;
2718 3230 2773 3277 et
2786 3223 2915 3277 inter

589 3309 824 3359 caeteros
851 3304 1134 3375 Gregorius
1157 3305 1517 3360 Nazianzenus
1551 3306 1688 3361 Orat.
1712 3327 1934 3364 xxxviii.
2003 3309 2171 3374 Quam
2204 3312 2513 3364 sententiam
2541 3308 2777 3379 theologi
2806 3309 2914 3379 qui·

591 3391 712 3444 dam
735 3391 1088 3454 temerariam,
1122 3396 1175 3444 et
1206 3388 1308 3444 hoc
1340 3397 1571 3461 tempore
1605 3393 1761 3447 etiam
1782 3392 2095 3449 haereticam
2119 3397 2456 3466 pronunciare
2479 3412 2587 3449 non
2609 3401 2735 3448 sunt
2754 3394 2912 3447 veriti.

590 3475 653 3530 In
699 3476 887 3545 quibus
931 3476 1261 3547 prudentiam
1305 3493 1367 3529 ac
1413 3476 1823 3530 moderationem
1862 3480 2046 3533 merito
2088 3480 2347 3535 desiderat
2380 3481 2616 3551 Vasquez
2655 3480 2712 3533 in
2746 3500 2769 3534 1
2801 3478 2909 3532 Par.

589 3560 720 3631 disp.
746 3559 886 3614 224:
922 3561 1013 3614 ubi
1035 3561 1356 3615 validissime
1381 3562 1703 3616 demonstrat
1723 3580 1820 3616 nec
1844 3564 2028 3618 erroris
2053 3565 2400 3620 damnandam
2420 3568 2564 3620 illam
2588 3582 2727 3631 esse,
2750 3580 2913 3635 neque

589 3647 655 3700 ab
689 3646 912 3699 ecclesia
943 3647 1217 3711 reiectam3
1252 3649 1465 3702 tametsi
1496 3649 1655 3718 longe
1688 3648 1756 3702 sit
1789 3649 1952 3702 altera
1984 3652 2315 3720 probabilior,
2349 3668 2483 3721 quae
2518 3652 2733 3723 angelos
2762 3657 2914 3722 negat

591 3737 712 3786 ante
736 3731 869 3785 coeli
891 3733 1203 3785 creationem
1230 3750 1344 3787 esse
1365 3733 1672 3804 productos,
1704 3734 1842 3803 quod
1866 3734 2184 3805 Epiphanius
2208 3738 2546 3808 amplectitur.

727 3815 1028 3884 ’Δποστελῆς
1052 3815 1175 3887 γὰρ,
1200 3818 1356 3888 φησί]
1422 3818 1588 3872 Nimis
1627 3821 1791 3874 otiose
1823 3820 1996 3874 locum
2028 3819 2165 3875 hunc
2188 3839 2216 3875 e
2240 3823 2446 3878 Psalmo
2474 3822 2585 3876 147.
2611 3822 2676 3876 ad
2701 3821 2783 3877 dei
2805 3838 2912 3876 ver·

592 3904 720 3957 bum
740 3903 931 3957 retulit.
976 3903 1037 3956 In
1060 3919 1163 3972 quo
1188 3919 1520 3974 nequaquam
1544 3904 1829 3959 audiendus
1855 3911 1949 3958 est.

726 3987 791 4044 N.
816 4007 929 4044 vm.
977 3986 1107 4042 Οὐδὲ
1129 3989 1472 4054 ταυτοούσιος,
1503 3986 1618 4041 ἀλλ’
1644 3986 1947 4061 ὃμοούσιος.]
2016 3991 2240 4046 Difficile
2275 3998 2355 4047 est
2387 3993 2701 4046 ταυτοοῦσιον
2734 3992 2913 4047 Latine

593 4076 669 4129 sic
691 4076 1008 4145 exprimere,
1039 4080 1101 4128 ut
1133 4074 1201 4127 ab
1233 4091 1294 4127 eo
1319 4074 1457 4144 quod
1481 4081 1561 4127 est
1584 4073 1848 4145 ὃμοούσιον
1874 4076 2184 4147 distinguas.
2254 4078 2526 4149 Significat
2547 4085 2722 4133 autem
2746 4095 2912 4133 essen·

592 4161 721 4214 tiam
751 4175 814 4214 ac
843 4161 1191 4215 substantiam
1220 4160 1295 4213 ita
1326 4159 1533 4230 penitus
1566 4161 1810 4226 eandem,
1846 4165 1904 4218 ut
1934 4179 2002 4216 ne
2034 4179 2372 4236 personarum
2404 4165 2612 4235 quidem
2646 4165 2913 4218 discrimen

596 4246 853 4301 admittat.

1128 4433 1221 4487 AD
1255 4432 1558 4488 HAERSIM
1591 4433 1794 4500 LXVI„
1829 4434 2389 4494 MANICHAEORUM..

730 4550 793 4604 N.
816 4569 852 4606 1.
898 4551 989 4605 Διά
1011 4570 1116 4605 τινα
1140 4552 1455 4624 Οὗέτρανον.]
1506 4553 1821 4608 veteranum
1854 4554 2053 4609 Acuam
2085 4558 2335 4628 appellat,
2372 4555 2471 4612 hoc
2502 4561 2584 4611 est
2614 4558 2705 4629 qui
2736 4558 2914 4613 militia

598 4635 870 4692 defunctus
891 4637 1183 4709 legitimam
1204 4640 1509 4696 missionem
1531 4641 1877 4712 impetrasset.
