3185 5219
2352 390 2574 448 coovn

247 548 302 602 in
323 545 617 601 Annalibus
648 545 845 602 Eccles.
871 545 937 599 ad
968 560 1164 600 annum
1186 562 1333 601 um.
1367 549 1480 599 tum
1505 544 1571 598 ab
1595 543 1712 598 aliis
1718 584 1736 610 ,
1772 546 1862 616 qui
1896 544 2144 599 adversus
2178 544 2418 601 haereses
2454 546 2577 601 scri·

248 638 479 703 pserunt,
503 632 570 686 ad
591 633 731 686 idem
754 637 1120 703 argumentum
1142 632 1403 701 disputata
1424 631 1665 702 reperies.

383 719 754 790 Δευτιρόγαμον
780 717 833 770 δὲ
857 716 948 769 οὐκ
971 713 1126 778 &Eum
1148 715 1414 787 δέχεσθαι]
1466 716 1719 786 Digamos
1739 733 1849 770 uon
1871 716 2043 770 solum
2067 717 2134 770 ab
2157 717 2440 788 episcopali
2464 735 2577 772 mu-

248 817 388 867 nere,
410 802 505 857 sed
527 803 684 857 etiam
707 819 740 857 a
760 804 923 856 sacris
947 802 1190 856 omnibus
1215 801 1480 856 ordinibus
1505 803 1750 855 exclusos
1772 802 1934 856 fuisse
1956 807 2222 874 perpetuo,
2245 804 2335 873 qui
2357 804 2578 873 probare

247 890 397 954 velit,
429 889 477 942 is
501 889 608 942 otio
633 895 686 942 et
706 886 886 942 charta
906 889 1308 960 intemperanter
1329 889 1589 941 abutatur.
1640 887 1718 941 De
1742 888 2000 958 episcopis
2022 889 2168 941 locus
2192 894 2272 941 est
2293 889 2515 959 apostoli
2536 907 2576 943 r.

248 973 382 1029 Tim.
405 992 518 1029 nn:
575 974 782 1045 Oportet
813 978 1098 1045 episcopum
1135 991 1240 1027 esse
1269 978 1416 1026 unius
1445 977 1622 1026 uxoris
1650 976 1838 1036 virum3
1874 972 2012 1043 quod
2044 973 2184 1027 idem
2216 978 2271 1026 et
2302 974 2367 1027 ad
2402 974 2579 1027 Titum

250 1075 362 1130 cap.
378 1079 434 1125 1.,
457 1060 505 1113 7.
524 1061 725 1131 repetit.
760 1059 960 1124 Quibus
982 1061 1036 1112 in
1060 1060 1189 1113 locis
1207 1058 1346 1112 Besa
1376 1064 1429 1112 et
1449 1057 1696 1111 haeretici
1718 1073 1898 1111 omnes
1912 1098 1926 1124 ,
1956 1059 2261 1130 praesertim
2286 1059 2578 1112 Molinaeus

248 1146 302 1198 in
324 1144 474 1198 Fidei
493 1145 679 1211 Scuto,
704 1162 798 1199 nec
821 1159 927 1199 non
952 1151 1004 1198 et
1021 1145 1422 1198 iurisconsultus
1442 1144 1530 1198 ille
1552 1159 1711 1214 supra
1732 1143 1985 1197 refutatus
2010 1161 2042 1197 a
2062 1145 2241 1210 nobis,
2267 1145 2330 1199 de
2354 1139 2603 1215 digamis‘

250 1230 350 1284 mis
374 1232 673 1301 apostolum
694 1231 1110 1301 interpretantur,
1143 1230 1233 1300 qui
1255 1230 1385 1282 citra
1403 1229 1695 1299 legitimam
1720 1242 1985 1296 caussam,
2018 1228 2117 1284 hoc
2147 1237 2228 1284 est
2258 1236 2462 1301 praeter
2491 1230 2581 1283 ad-

252 1315 425 1369 ulterii
445 1316 680 1387 culpem,
712 1316 983 1386 repudiata
1006 1316 1228 1385 coniuge
1252 1316 1467 1368 alteram
1497 1315 1784 1369 duxissent.
1836 1314 2030 1369 Verum
2052 1317 2261 1370 tametsi
2283 1316 2381 1370 hoc
2407 1318 2579 1387 ipsum

251 1400 582 1471 digamorum
600 1416 768 1471 genus
787 1400 970 1454 eodem
989 1401 1212 1472 apostoli
1230 1401 1434 1454 decreto
1458 1399 1925 1471 comprehenditur,
1948 1401 2380 1455 absurdissimum
2403 1407 2579 1455 tamen

251 1493 331 1538 est
351 1503 462 1540 non
485 1502 575 1540 eos
600 1501 807 1557 quoque
831 1487 1086 1539 contineri
1108 1485 1337 1550 credere,
1374 1487 1466 1556 qui
1497 1502 1665 1539 uxore
1697 1491 1905 1539 mortua
1938 1486 2096 1539 aliam
2124 1487 2250 1552 sibi,
2285 1493 2338 1540 et
2371 1487 2580 1557 quidem

250 1572 569 1640 legitimam,
602 1572 880 1642 coniugem
911 1571 1237 1626 adsciverint.
1292 1571 1368 1624 De
1392 1587 1495 1640 quo
1517 1571 1989 1625 luculentissimum
2011 1571 2110 1625 hoc
2132 1572 2186 1625 in
2208 1573 2325 1625 loco
2346 1573 2581 1627 testimo·

249 1656 397 1709 nium
419 1654 586 1709 habes
600 1655 902 1727 Epiphanii,
925 1673 1020 1711 nec
1042 1673 1149 1711 non
1174 1658 1301 1710 etin
1325 1654 1664 1710 Gatharorum
1685 1655 1828 1711 haer.
1849 1674 1955 1710 mx.
1980 1673 2123 1710 num.
2143 1676 2214 1713 tv.
2270 1656 2372 1711 Ubi
2395 1657 2581 1711 diserte

250 1749 410 1813 negat
432 1757 609 1796 sacros
634 1741 701 1795 ad
726 1742 932 1796 ordines
953 1743 1101 1796 illum
1125 1742 1311 1813 recipi,
1337 1743 1426 1812 qui
1448 1742 1618 1812 priore
1641 1743 1865 1812 coniuge
1884 1748 2094 1797 mortua
2116 1744 2333 1796 alteram
2356 1742 2579 1798 duxerit.

251 1825 399 1891 Quod
424 1828 557 1881 adeo
574 1843 754 1880 verum
778 1833 875 1893 est,
897 1834 956 1881 ut
976 1845 1043 1882 ne
1059 1829 1241 1881 Ariani
1262 1827 1469 1897 quidem
1494 1831 1675 1880 contra
1698 1843 2027 1881 communem
2048 1829 2194 1881 illam
2216 1835 2583 1900 receptamque

252 1913 684 1967 consuetudinem
699 1914 875 1966 venire
900 1914 1015 1967 ausi
1036 1913 1244 1967 fuerint.
1281 1912 1416 1966 Nam
1437 1913 1493 1965 in
1517 1912 1878 1966 Ebionitarum
1899 1912 2103 1967 haeresi
2117 1931 2243 1968 xxx.
2267 1931 2410 1969 num.
2430 1933 2478 1967 v.
2502 1915 2582 1968 lo-

251 1997 446 2069 sephus
470 1998 684 2063 Comes,
720 2015 840 2052 cum
861 1999 1066 2064 Ariani,
1102 2003 1163 2052 ut
1195 1999 1260 2051 ad
1290 2005 1464 2068 partes
1486 2014 1611 2050 suas
1643 1998 1790 2051 illum
1821 1998 2110 2065 traherent,
2141 2001 2501 2072 episcopatum
2535 2002 2585 2054 ei

250 2085 634 2153 pollicerentur,
664 2100 732 2137 ne
765 2084 959 2137 invitus
993 2084 1061 2137 ab
1094 2084 1196 2137 illis
1233 2083 1570 2148 ordinaretur,
1604 2084 1774 2154 priore
1806 2084 2028 2154 coniuge
2064 2084 2307 2139 defuncta
2324 2086 2583 2140 secundas

253 2170 464 2240 nuptias
485 2169 617 2223 iniit.
653 2169 959 2232 Quaesitum
983 2170 1106 2223 olim
1127 2167 1245 2234 fuit,
1272 2173 1448 2223 utrum
1473 2169 1561 2240 qui
1586 2174 1707 2222 aute
1732 2169 2051 2240 baptismum
2074 2171 2352 2242 coniugem
2374 2170 2586 2225 habuis-

253 2262 356 2319 set,
391 2255 634 2325 digamus
667 2255 922 2308 eiusmodi
946 2260 1240 2308 censeretur
1264 2256 1354 2324 qui
1376 2256 1443 2308 ab
1467 2255 1831 2308 ecclesiasticis
1854 2255 2120 2308 ordinibus
2142 2263 2418 2309 arceretur.
2471 2256 2587 2320 Qua

254 2339 317 2393 de
348 2356 406 2393 re
440 2355 626 2411 parum
657 2341 943 2411 probabilis
974 2341 1280 2411 Hieronymi
1310 2341 1568 2394 sententia
1600 2345 1747 2393 extat
1766 2341 1822 2394 in
1845 2340 2008 2411 Epist.
2035 2342 2098 2394 ad
2124 2342 2415 2408 Oceanum,
2452 2357 2584 2412 quae

255 2432 334 2478 est
355 2442 580 2480 uum.
633 2425 730 2480 Oui
762 2426 1022 2480 contraria
1055 2433 1136 2480 est
1157 2426 1440 2497 Augustini
1471 2427 1561 2481 lib.
1587 2425 1651 2479 de
1675 2425 1822 2480 Bono
1848 2425 2091 2497 Coniugii
2117 2443 2228 2498 cap.
2253 2445 2422 2493 xvm„
2457 2428 2584 2481 alio-

253 2527 476 2581 rumque
497 2517 705 2582 patmm
730 2512 930 2583 opinio,
954 2513 1039 2565 cui
1061 2513 1413 2566 ecclesiastica
1433 2511 1644 2566 traditio
1667 2527 1726 2565 ac
1749 2511 2069 2566 consuetudo
2093 2513 2422 2583 suffragatur.
2471 2512 2587 2578 Qua

255 2596 317 2650 de
340 2614 398 2651 re
410 2596 672 2651 Valentini
694 2597 924 2663 concilii,
959 2596 1097 2669 quod
1121 2598 1220 2651 sub
1243 2597 1471 2652 Damaso
1496 2597 1813 2651 celebratum
1838 2602 1933 2663 est,
1958 2597 2137 2652 Canon
2159 2599 2358 2669 primus
2382 2599 2457 2651 ita
2478 2603 2583 2652 sta·
2670 2636 2681 2648 .

255 2683 377 2735 tuit:
423 2682 509 2736 Ua*
530 2686 728 2753 diqami
749 2702 811 2737 ne
833 2686 1129 2737 ordinentur
1152 2686 1354 2748 clerici,
1380 2687 1582 2736 etiamsi
1602 2685 1816 2752 qentt'les
1839 2684 2007 2735 adhuc
2033 2684 2133 2736 Ιιαο
2156 2702 2209 2736 se
2229 2687 2453 2755 infelicis
2474 2703 2584 2738 sor·

257 2774 322 2820 tis
343 2772 642 2822 necessitate
672 2771 1060 2824 maculaverint.
1106 2768 1237 2822 Vide
1268 2769 1443 2823 Innoc.
1467 2786 1505 2823 r.
1540 2767 1706 2838 Epist.
1730 2786 1786 2822 11.
1822 2784 1935 2838 cap.
1956 2784 2026 2821 vr.
2086 2768 2223 2832 Quin
2257 2774 2310 2821 et
2340 2769 2583 2823 Zosimus

257 2870 396 2925 papa
415 2855 566 2924 epist.
589 2872 621 2907 ι.
643 2871 751 2907 non
776 2854 928 2907 modo
954 2854 1282 2926 episcopum,
1308 2858 1401 2906 aut
1416 2853 1692 2906 diaconum
1716 2869 1777 2906 ac
1800 2853 2201 2919 subdiaconum,
2224 2852 2315 2906 sed
2338 2871 2404 2908 ne
2425 2856 2584 2909 lecto-

254 2954 364 2992 rem
387 2939 624 3010 quidem,
660 2945 750 2993 aut
782 2941 1093 2993 exorcistam
1126 2939 1239 2992 fieri
1263 2939 1457 3009 patitur
1480 2954 1600 2992 eum
1625 2939 1715 3008 qui
1735 2938 1922 2991 viduae
1945 2939 2013 2992 sit
2033 2939 2269 2992 maritus.
2319 2939 2494 2994 Redeo
2518 2940 2582 2993 ad

257 3026 480 3095 apostoli
501 3026 675 3078 locum
699 3025 846 3079 illum
871 3043 908 3080 1.
936 3023 1002 3078 ad
1025 3025 1159 3079 Tim.
1186 3043 1263 3078 ιιι.
1316 3023 1505 3089 Quem,
1537 3024 1616 3077 uti
1640 3022 1773 3090 dixi,
1803 3041 1909 3077 non
1939 3024 2240 3096 negandum
2274 3032 2355 3079 est
2377 3025 2443 3078 ad
2464 3027 2584 3079 illos

255 3112 512 3181 pertinere
535 3127 741 3182 quoque
766 3110 1003 3180 digamos
1027 3111 1119 3181 qui
1140 3110 1410 3180 repudiata
1428 3115 1697 3180 utcunque
1730 3110 1955 3180 coniuge
1986 3126 2149 3163 novas
2184 3112 2394 3182 nuptias
2426 3128 2584 3183 copu-

255 3197 433 3261 larint,
469 3213 575 3267 quo
601 3212 758 3249 sensu
784 3194 1186 3266 chrysostomus
1208 3196 1573 3265 interpretatus
1599 3202 1694 3249 est.
1747 3195 1845 3259 Qui
1870 3201 1921 3248 et
1942 3195 2054 3266 ipse
2076 3201 2253 3250 tamen
2276 3198 2487 3251 alterius
2511 3197 2585 3251 di·

257 3297 534 3352 gamorum
568 3283 798 3351 generis,
833 3288 885 3335 et
918 3282 1129 3352 quidem
1163 3297 1343 3335 eorum
1378 3281 1468 3351 qui
1499 3288 1620 3351 post
1650 3282 1883 3351 priorum
1918 3282 2117 3335 obitum
2143 3283 2271 3335 alias
2295 3282 2584 3349 duxissent,

256 3366 510 3421 meminit.
574 3366 706 3428 Τινὲς
743 3366 822 3437 δὲ,
858 3367 1051 3437 inquit,
1080 3367 1163 3418 ἵνα
1197 3365 1250 3418 ἐκ
1285 3368 1394 3437 μιᾶς
1427 3366 1655 3437 γυναικὸς
1678 3361 1736 3438 ᾖ,
1774 3366 1891 3436 φασὶ
1915 3371 2062 3419 τοῦτο
2087 3364 2322 3437 εἶρῆσθαιτ
2364 3370 2587 3431 Quidam

256 3455 372 3505 ideo
395 3455 586 3505 dictum
609 3453 703 3506 hoc
727 3455 792 3506 ab
818 3455 1042 3523 apostolo
1062 3463 1274 3516 censent,
1297 3462 1356 3504 ut
1376 3453 1441 3504 ab
1464 3471 1569 3504 una
1591 3470 1748 3505 uxore
1768 3457 1839 3505 sit
1859 3454 2087 3522 (mortua
2110 3455 2343 3524 scilicet).
2382 3454 2584 3509 Clarius

257 3539 311 3591 iu
333 3544 610 3593 comment..
636 3539 702 3591 ad
724 3538 898 3591 Titum
921 3538 1072 3592 Hom.
1098 3557 1173 3603 rr.,
1206 3537 1298 3590 ubi
1330 3554 1571 3590 caussam
1607 3536 1740 3590 hanc
1774 3539 2087 3607 apostolicae
2112 3540 2395 3592 sanctionis
2421 3540 2584 3594 affert.

257 3621 320 3676 Ὅ
342 3621 438 3694 γὰρ
462 3623 584 3693 πρὸς
606 3622 693 3690 τὴν
717 3620 1024 3675 ἀπελθοῦσαν
1050 3622 1287 3693 μηδεμίαν
1313 3621 1527 3691 φυλάξας
1552 3620 1740 3674 εὔνοιαν
1765 3624 1870 3681 πῶς
1904 3618 1960 3673 ἄν
1985 3616 2128 3683 οὗτος
2153 3623 2344 3694 γένοιτο
2369 3623 2586 3693 προστά-

257 3726 341 3775 της
381 3708 560 3770 καλόςε
641 3709 744 3770 Qm·
776 3710 1045 3777 defunctae
1077 3713 1230 3761 uxori
1261 3710 1650 3761 benevolentiam
1686 3708 1876 3759 nullam
1910 3725 2142 3761 servasse
2178 3709 2585 3779 deprehenditur,

258 3814 471 3865 quonam
489 3803 647 3865 pacto
672 3793 757 3846 lu‘c
781 3796 1028 3846 ecelesiae
1043 3812 1288 3864 praeesse
1303 3794 1529 3863 poterit!
1563 3789 1899 3843 Ἀπελθοῦσαν
1922 3794 2149 3863 appellat
2171 3800 2455 3859 mortuam,
2479 3812 2585 3848 non

257 3896 374 3934 eam
407 3895 542 3950 quae
577 3882 854 3949 repudiata
887 3882 1140 3942 discessit,
1176 3884 1235 3931 ut
1265 3879 1502 3947 imperite
1535 3877 1936 3931 iurisconsultus
1968 3880 2136 3931 vertit.
2194 3879 2329 3932 Nam
2363 3886 2415 3933 et
2447 3879 2584 3950 apud

257 3965 705 4037 Theophylactum
740 3964 920 4018 eadem
945 3963 1302 4033 Chrysostomi
1332 3963 1492 4015 verba
1523 3962 1598 4015 ita
1628 3962 1933 4016 redduntur:
1992 3964 2095 4025 Qm·
2116 3969 2245 4017 enim
2269 3966 2458 4029 nullom
2481 3983 2585 4017 ser-

257 4057 402 4105 vavit
423 4053 810 4104 benevolentiam
836 4070 962 4119 erqo
988 4068 1098 4103 eam
1122 4067 1250 4118 qnae
1272 4050 1395 4100 obiit
1417 4059 1510 4103 etc.
1563 4046 1733 4111 Quare
1763 4049 2020 4118 posterius
2051 4049 2178 4102 illud
2210 4065 2270 4103 ac
2292 4050 2586 4121 legitimum

259 4138 589 4208 digamorum
622 4151 792 4206 genus
826 4137 893 4189 ab
927 4135 1213 4206 apostolico
1247 4134 1338 4188 illo
1374 4133 1576 4187 decreto
1613 4150 1880 4204 nunquam
1908 4133 2311 4204 chrysostomus
2346 4135 2583 4189 exclusit.

257 4220 404 4276 Unus
428 4221 809 4287 Theodoretus,
844 4221 980 4291 quod
1004 4221 1153 4275 valde
1187 4220 1363 4284 miror,
1398 4220 1537 4273 solos
1573 4218 1836 4288 digamos,
1872 4220 1962 4290 qui
1994 4221 2168 4290 plures
2203 4221 2359 4272 simul
2394 4236 2584 4273 uxores

259 4305 533 4373 haberent,
569 4307 635 4360 ab
670 4308 906 4377 apostolo
943 4306 1237 4377 repudiatos
1272 4307 1464 4359 sentire
1496 4304 1713 4357 videtur.
1782 4303 1843 4357 In
1883 4321 1986 4374 quo
2028 4304 2313 4357 audiendus
2347 4322 2453 4357 non
2489 4311 2585 4371 est,

261 4394 531 4463 multoque
561 4393 739 4445 minus
773 4391 1040 4456 haeretici,
1076 4392 1153 4444 uti
1186 4390 1327 4444 Besa
1359 4392 1654 4461 caeterique
1689 4390 1777 4459 qui
1811 4390 1865 4442 in
1900 4390 2200 4459 apostolicis
2234 4391 2404 4444 verbis
2437 4406 2583 4462 prae·

261 4484 467 4548 ceptum
492 4476 742 4530 contineri
764 4481 975 4547 putant,
1009 4477 1146 4546 quod
1176 4477 1378 4530 nullum
1412 4475 1480 4529 ad
1504 4476 1883 4546 episcopatum,
1920 4474 2022 4527 nisi
2054 4490 2219 4528 uxore
2254 4476 2432 4543 ducta,
2466 4493 2584 4548 pro·

262 4563 456 4616 moveri
480 4562 760 4633 permittat.
806 4560 952 4625 Quod
973 4561 1278 4616 iamdudum
1299 4561 1717 4634 Theophylactus
1739 4560 1942 4614 refellit.

2094 4661 2177 4716 U·
