3185 5219
0 4 344 372 Γ

0 399 4 440 ¹
1387 471 1398 478 -
2376 421 2635 475 cccxxi

302 607 425 645 vero
472 597 672 644 certum
721 597 803 645 est
846 608 912 644 ex
950 591 1012 644 iis
1050 589 1322 662 Epiphanii
1360 591 1559 655 verbis,
1608 591 1808 643 iunium
1844 591 1897 644 in
1934 591 2340 660 quadragesima
2372 608 2480 645 non
2518 599 2638 645 ante

307 692 580 747 vesperam
619 681 777 746 atque
815 691 1060 729 occasum
1099 677 1263 729 solem
1302 692 1332 728 a
1368 675 1611 729 fidelibus
1648 676 1894 730 solutum.
1967 677 2062 729 Cui
2099 684 2507 730 consentaneum
2546 685 2641 738 est,

305 761 444 832 quod
483 777 601 814 cum
641 761 702 814 de
739 762 1031 832 synaxibus
1066 777 1367 832 ageremus,
1403 778 1470 813 ex
1507 761 1826 814 Tertulliano
1864 760 2161 826 docuimus,
2200 763 2450 816 stationes
2488 763 2556 816 ob
2591 763 2641 815 id

299 851 623 899 semiieiunia
660 847 834 900 vocari
870 846 1006 917 quod
1045 846 1108 899 ad
1145 846 1324 900 horam
1365 863 1554 899 nonam
1595 863 1763 916 usque
1799 853 2230 916 prorogarentur,
2273 863 2393 900 cum
2428 849 2645 917 majora,

304 932 602 1002 cujusmodi
628 932 1104 1002 quadragesimalia
1125 933 1296 998 fuere,
1321 950 1424 985 non
1451 938 1571 986 ante
1595 932 1727 985 lucis
1747 933 1947 985 exitum
1974 932 2286 985 desinerent.
2334 936 2402 985 At
2424 933 2644 987 Constit.

301 1020 483 1088 Apost.
518 1019 608 1071 lib.
638 1036 685 1071 v.
733 1033 849 1087 cap.
875 1035 1025 1072 xvm.
1073 1035 1215 1071 nona
1250 1020 1330 1071 vel
1368 1034 1584 1089 vespera
1630 1034 1724 1087 pro
1769 1017 2024 1087 cujusque
2061 1017 2258 1070 viribus
2294 1019 2437 1071 vesci
2465 1018 2640 1087 jubet:

294 1100 341 1154 ἐν
367 1102 420 1155 δὲ
445 1105 553 1163 ταῖς
578 1102 774 1163 λοιπαῖς
811 1106 915 1165 ταῖς
940 1101 1037 1172 πρὸ
1063 1106 1146 1169 τῆς
1172 1106 1480 1174 παρασκευῆς
1507 1100 1676 1169 ἐνάτην
1714 1102 1864 1173 ὥραν,
1899 1104 1928 1169 ἢ
1966 1100 2173 1173 ἑσπέραν
2199 1102 2402 1164 ἕκαστος
2426 1101 2642 1166 ἐσθιέτω,

294 1189 323 1254 ἢ
373 1186 512 1249 ὅπως
559 1184 615 1240 ἄν
648 1205 717 1249 τις
765 1188 976 1240 δύναιτο.
1051 1190 1359 1243 Ambrosius
1395 1188 1562 1242 Serm.
1598 1206 1749 1242 xxvn
1796 1189 1935 1256 Royo
1978 1207 2090 1253 vos,
2124 1194 2332 1258 fratres
2368 1193 2640 1251 carissimi,

292 1282 349 1325 ut
388 1278 444 1326 in
499 1279 596 1326 isto
632 1276 852 1342 leyitimo
890 1284 1136 1345 tempore,
1183 1280 1406 1345 exceptis
1442 1277 1698 1328 dominica
1738 1283 1787 1327 et
1830 1275 2043 1326 sabbato
2079 1276 2277 1339 diebus,
2324 1277 2488 1326 nullus
2525 1283 2642 1325 ante

299 1377 486 1411 nonam
514 1362 783 1430 prandere
807 1369 1134 1430 praesumat,
1183 1364 1285 1411 mhi
1312 1364 1456 1429 sorte
1499 1379 1641 1430 quem
1665 1362 1909 1428 jejunare
1944 1362 2216 1429 infirmitas
2248 1379 2344 1412 non
2378 1365 2637 1430 permittit·

304 1444 443 1505 Quia
481 1446 605 1497 aliis
639 1445 814 1498 diebus
833 1447 1081 1514 jejunare
1116 1456 1210 1498 aut
1240 1448 1538 1509 remedium,
1576 1455 1668 1497 mit
1692 1450 1980 1514 praemium
2016 1457 2113 1509 est,
2149 1450 2204 1497 in
2239 1449 2636 1514 quadraqesima

289 1545 413 1583 vero
451 1548 548 1583 non
570 1532 817 1599 jejunare
849 1540 1119 1600 peccatum
1144 1541 1231 1586 est.
1303 1529 1402 1593 Qui
1425 1530 1634 1600 quidem
1661 1547 1831 1583 sermo
1857 1531 2073 1584 totidem
2098 1531 2268 1584 verbis
2293 1530 2432 1602 apud
2456 1531 2638 1600 Augu-

292 1617 490 1668 stinum
536 1616 754 1686 legitur,
801 1622 985 1686 estque
1021 1617 1204 1671 Sermo
1250 1616 1313 1669 de
1350 1616 1530 1687 Temp.
1558 1633 1686 1669 cxii.
1757 1614 1862 1672 Sed
1912 1616 1975 1668 de
2011 1616 2234 1669 sabbato
2272 1617 2488 1670 verbum
2522 1617 2637 1669 nul-

288 1700 417 1755 lum.
489 1698 593 1756 Sed
628 1699 727 1754 hoc
760 1702 930 1755 solum
967 1711 1023 1754 ut
1057 1707 1281 1772 exceptis
1318 1705 1583 1755 dominicis
1625 1703 1799 1753 diebus
1834 1703 1998 1753 nullus
2027 1704 2290 1771 prandere
2321 1713 2638 1771 praesumat.

292 1784 444 1850 Quod
490 1785 629 1840 idem
665 1793 745 1840 est
782 1802 842 1839 ac
878 1787 925 1840 si
962 1793 1082 1864 ante
1117 1804 1311 1841 nonam
1348 1787 1488 1840 vesci
1524 1786 1836 1857 prohiberet.
1910 1786 2045 1850 Quia
2081 1787 2357 1858 prandium
2393 1794 2512 1840 ante
2547 1787 2638 1840 ho·

288 1887 401 1924 ram
449 1877 656 1925 sextam
702 1872 1022 1942 capiebatur.
1095 1873 1222 1927 Vide
1259 1876 1481 1943 August.
1514 1872 1680 1943 Epist.
1726 1890 1944 1925 nxxxvr.
2014 1874 2093 1926 Ita
2127 1873 2413 1926 Cassianus
2449 1874 2636 1926 Collat.

289 1974 401 2011 xxx.
442 1972 555 2027 cap.
581 1975 733 2012 xxm.
787 1958 870 2011 vel
905 1958 1148 2011 Theonas
1199 1959 1339 2030 apud
1374 1959 1521 2011 illum
1560 1958 1830 2022 admonet,
1880 1965 1936 2011 ut
1980 1959 2034 2011 in
2070 1958 2253 2011 diebus
2290 1959 2439 2012 festis
2479 1961 2637 2024 cibus,

290 2045 378 2111 qui
411 2042 546 2095 hora
582 2046 689 2096 diei
721 2062 856 2096 nona
877 2048 1064 2111 ficerat
1100 2048 1383 2114 capiendus
1394 2083 1408 2108 ,
1437 2045 1602 2114 paulo
1640 2047 1806 2105 citius,
1841 2046 1899 2095 id
1923 2054 1996 2095 est
2015 2055 2162 2097 sexta
2198 2045 2328 2096 hora
2356 2063 2458 2113 pro
2480 2048 2632 2113 sesti-

286 2131 470 2179 vitatis
516 2138 734 2197 tempore
780 2132 1040 2198 capiatur.
1122 2132 1188 2181 At
1233 2129 1419 2200 priscis
1455 2129 1779 2200 temporibus
1826 2146 1931 2181 non
1975 2135 2099 2181 ante
2145 2145 2416 2200 vesperam
2460 2130 2633 2183 cibum

294 2227 479 2283 capere
515 2218 924 2278 consueverant,
968 2213 1024 2267 id
1065 2214 1201 2284 quod
1249 2215 1462 2284 insuper
1495 2212 1772 2285 Theophili
1807 2214 2151 2267 Alexandrini
2194 2215 2340 2268 locus
2384 2216 2473 2268 ille
2508 2231 2630 2269 con·

285 2296 486 2362 firmat,
535 2314 690 2368 quem
716 2314 876 2370 supra
900 2299 1258 2354 discussimus.
1309 2301 1655 2370 Posteaquam
1694 2316 1816 2353 vere
1841 2299 1907 2352 ad
1940 2297 2125 2353 horam
2161 2315 2355 2354 nonam
2390 2300 2634 2370 vescendi
2663 2311 2807 2362 μου.

285 2387 495 2454 tempus
532 2400 565 2436 a
589 2399 808 2455 vespera
839 2386 1154 2439 translatum
1191 2392 1297 2451 est,
1331 2391 1444 2438 tum
1470 2387 1735 2439 sublatum
1761 2385 1893 2438 illud
1918 2385 2196 2439 discrimen
2222 2386 2458 2451 arbitror,
2495 2386 2631 2456 quod

292 2466 554 2523 hactenus
597 2470 733 2523 inter
775 2471 1029 2524 stationes
1077 2477 1130 2524 et
1167 2471 1370 2542 jejunia
1412 2471 1576 2525 fuisse
1624 2471 1864 2524 vidimus.
1932 2470 2163 2541 Indeque
2206 2478 2289 2525 est
2336 2471 2477 2542 quod
2508 2474 2631 2526 Am-

291 2552 499 2607 brosius
535 2553 701 2608 Scrm.
728 2573 913 2612 xxxv1.
942 2556 1147 2628 jejunia
1181 2559 1609 2627 quadraqesimae
1644 2561 1889 2611 stationes
1921 2558 2174 2628 appellari
2210 2556 2360 2612 dixit.

420 2636 514 2692 Ἔν
550 2657 646 2693 τισι
669 2640 723 2694 δὲ
747 2644 916 2703 τόποις
952 2647 1035 2710 τῆς
1061 2642 1183 2713 μετὰ
1207 2641 1292 2709 τὴν
1317 2642 1582 2713 adpictum]
1628 2640 2019 2711 Ἀπονηστισμὸς
2055 2650 2136 2696 est
2146 2646 2341 2711 jejunii
2359 2645 2554 2708 solutio,
2580 2652 2631 2696 et

284 2724 691 2792 ἁπονηστίζεσθαι
702 2730 953 2796 jejunium
989 2731 1200 2782 solt-ere.
1248 2727 1356 2782 Nec
1391 2729 1541 2782 aliter
1571 2728 1629 2782 iu
1657 2727 1857 2781 Graeco
1885 2728 2153 2798 Hippolyti
2176 2728 2388 2782 Ganone
2409 2728 2625 2781 verbum

283 2811 410 2864 illud
447 2812 729 2882 accipitur,
765 2831 882 2867 cum
922 2815 1018 2867 ait:
1058 2811 1462 2880 ἀπονηστίζεσθαι
1498 2812 1551 2864 δὲ
1586 2814 1660 2865 δεῖ
1694 2806 1754 2865 οὗ
1790 2813 1846 2865 ἂν
1883 2810 2070 2883 ἐμπέση
2108 2813 2327 2883 κυριακή.
2399 2813 2628 2867 Tametsi

282 2895 520 2967 Scaliger
552 2898 607 2951 in
633 2898 783 2952 Notis
816 2900 882 2952 ad
917 2901 1067 2953 illum
1092 2899 1359 2953 Ganonem
1396 2897 1800 2965 ἀπονηστίζεσθαι
1835 2905 1985 2969 putat
2031 2915 2146 2953 esse
2182 2902 2466 2967 transferre
2488 2900 2626 2967 jeju-

282 2987 433 3037 nium.
507 2982 657 3047 Quod
692 2985 908 3038 minime
952 2985 1197 3056 procedit.
1269 2985 1498 3055 Tempus
1554 3000 1679 3038 vero
1725 2984 2043 3038 dissolvendi
2081 2985 2296 3055 jejunii,
2341 2985 2451 3037 sive
2498 2984 2626 3037 hora

281 3071 369 3119 τοῦ
423 3066 792 3141 ἀπονηστισμοῢ
826 3072 1103 3142 multiplex
1155 3071 1270 3124 fuit.
1341 3070 1560 3125 constit.
1616 3069 1778 3123 Glem.
1833 3070 1921 3123 lib.
1960 3089 2009 3123 ν.
2062 3087 2172 3141 cap.
2215 3088 2347 3123 ma:
2438 3068 2526 3140 Τῷ
2575 3069 2627 3122 δὲ

280 3150 520 3223 σαββάτῳ
568 3155 737 3227 μέχρις
781 3155 1203 3227 ἀλεκτοροφωνίας
1261 3155 1625 3225 παρατείναντες
1680 3153 2053 3221 ἀπονηστίζεσθε
2098 3153 2471 3225 ἐπιφωσκούσης
2517 3158 2625 3225 μιᾶς

279 3241 379 3290 τῶν
416 3237 707 3308 σαββάτων,
751 3240 855 3306 ἥτις
893 3239 991 3293 ἐστὶ
1029 3240 1233 3311 κυριακὴ
1269 3238 1366 3292 ἀπὸ
1414 3239 1619 3312 ἑσπέρας
1663 3239 1755 3302 ἓως
1792 3237 2215 3313 ἀλεκτοροφωνίας
2252 3239 2624 3310 ἀγρυπνοῦντες,

279 3323 361 3375 καὶ
396 3322 476 3377 ἐπὶ
498 3325 557 3383 τὸ
584 3323 702 3378 ἀυτὸ
728 3320 832 3398 ἕνῇ
869 3325 1105 3397 ἐκκλησίᾳ
1141 3327 1568 3397 συναθροιζόμενοι
1605 3330 1906 3398 γρηγορεῖτε.
1977 3327 2138 3380 Jube‘t
2171 3327 2625 3397 quadragesimale

271 3409 538 3479 jejunium
575 3412 709 3465 solvi
745 3412 808 3465 ad
846 3413 1198 3482 gallicinium,
1237 3419 1294 3466 ut
1329 3419 1382 3465 et
1415 3414 1673 3483 superiori
1701 3415 1884 3484 capite.
1930 3412 2213 3482 Dionysius
2240 3413 2624 3466 Alexandrinus

279 3496 344 3549 ad
380 3495 671 3563 Basiliden,
705 3497 1038 3568 reprehendit
1073 3515 1164 3551 eos
1201 3498 1289 3569 qui
1327 3500 1483 3568 paulo
1521 3507 1645 3552 ante
1681 3499 1907 3552 mediam
1943 3505 2151 3552 noctem
2186 3505 2309 3569 post
2342 3499 2623 3553 sabbatum

271 3580 534 3652 jejunium
572 3582 888 3649 dissolvunt,
947 3581 1014 3643 ὡς
1051 3578 1324 3654 ὀλιγώρους
1379 3584 1458 3635 καὶ
1504 3581 1744 3654 ἀκρατεῖς.
1813 3582 1916 3635 Eos
1951 3590 2124 3636 autem
2163 3584 2497 3637 commendat
2530 3588 2621 3653 qui

278 3683 445 3738 usque
491 3668 555 3721 ad
601 3676 840 3739 quartam
877 3669 1165 3722 custodiam
1201 3670 1488 3734 sustinent,
1534 3685 1633 3722 nec
1669 3685 1759 3721 eos
1794 3669 1978 3736 magni
2011 3669 2280 3722 faciendos
2317 3670 2391 3721 ait
2426 3670 2517 3739 qui
2554 3686 2620 3721 ex

274 3752 379 3806 illis
423 3753 638 3824 majoris
685 3752 1043 3807 hebdomadae
1085 3771 1180 3808 sex
1229 3754 1438 3819 diebus,
1484 3754 1745 3824 prioribus
1791 3760 2014 3822 quatuor
2059 3755 2172 3807 sine
2211 3754 2413 3824 jejunio
2450 3762 2619 3806 trans-

278 3838 434 3903 actis,
470 3854 792 3910 parasceuen
830 3846 882 3893 et
916 3840 1194 3893 sabbatum
1229 3840 1342 3893 siue
1379 3839 1489 3892 ullo
1528 3840 1646 3891 cibo
1683 3838 1984 3904 traducunt,
2022 3839 2161 3908 quod
2196 3838 2494 3908 ὑπερτιθέναι
2527 3856 2621 3891 no-

277 3923 461 3977 minat.
533 3923 653 3977 Fuit
697 3925 836 3979 enim
872 3923 970 3978 hoc
1006 3925 1267 3978 veteribus
1306 3923 1617 3977 Christianis
1662 3924 1940 3988 familiare,
1995 3925 2205 3977 biduum
2252 3925 2382 3978 illud
2417 3926 2618 3994 absque

280 4009 397 4063 cibo
437 4025 795 4080 perseverare,
830 4016 885 4063 et
916 4012 972 4064 in
1009 4011 1228 4064 ecclesia
1262 4010 1505 4080 precibus
1542 4024 1604 4061 ac
1641 4009 1835 4078 vigiliis
1860 4011 2115 4065 insistere.
2186 4010 2351 4064 Sexta
2374 4008 2617 4079 Synodus

274 4093 327 4146 in
363 4093 542 4148 Trullo
581 4095 705 4149 Cau.
730 4110 865 4150 κομι
913 4091 997 4156 τὰς
1042 4099 1130 4147 τοῦ
1165 4093 1409 4163 σωτηρίου
1458 4091 1641 4154 πάθους
1684 4092 1901 4164 ἡμέραρ
1915 4091 1964 4146 ἐν
2009 4095 2203 4166 νηστείᾳ
2238 4095 2318 4147 καὶ
2355 4097 2616 4166 προςευχῇς

277 4178 356 4230 καὶ
382 4180 635 4241 κατανύξει
660 4180 861 4250 καρδίας
887 4178 1228 4241 ἐπιτελοῦντας
1247 4177 1463 4250 χρὴτοὺς
1488 4180 1691 4240 πιστοὺς
1716 4179 1824 4249 περὶ
1849 4178 2001 4249 μέσας
2026 4186 2108 4247 τῆς
2134 4179 2241 4250 περὶ
2267 4181 2322 4232 τὸ
2350 4181 2479 4250 μέγα
2496 4178 2617 4248 σὰβ-
2718 4178 2723 4186 “

276 4262 423 4332 βατον
460 4264 632 4325 νυκτὸς
670 4263 801 4335 ὥρας
839 4263 1260 4330 ἀπονηστίζεσθαι,
1325 4265 1403 4317 Ad
1440 4280 1572 4336 quae
1614 4264 1854 4318 Balsamo
1892 4264 2117 4330 dubitat,
2153 4282 2219 4319 an
2257 4265 2386 4319 illud
2421 4266 2616 4335 praeci-

275 4350 471 4420 piatur,
505 4350 766 4415 triduum,
803 4350 944 4421 quod
980 4355 1060 4404 est
1096 4349 1218 4420 μετὰ
1252 4348 1338 4418 τὴν
1375 4347 1608 4421 τετράδα,
1645 4350 1888 4421 quodque
1923 4350 2156 4420 passioni
2180 4351 2456 4421 praecipue
2480 4350 2613 4403 dica-

272 4440 384 4490 tum
429 4443 535 4502 est,
584 4436 817 4506 adusque
863 4435 1089 4489 mediam
1134 4442 1342 4490 noctem
1392 4442 1514 4489 aute
1556 4435 1872 4489 dominicam
1916 4433 2215 4506 paschalem
2252 4435 2463 4506 jejunos
2497 4453 2613 4506 per-

272 4521 481 4588 sistere,
528 4537 593 4575 an
642 4522 705 4574 de
747 4538 854 4575 uno
902 4521 1161 4574 duntaxat
1205 4522 1427 4575 sabbato
1472 4527 1743 4586 caveatur,
1791 4522 1844 4574 in
1891 4536 1994 4591 quo
2040 4520 2256 4589 rigidior
2290 4537 2353 4575 ac
2385 4522 2614 4575 severior

274 4621 386 4662 csse
413 4608 606 4679 jejunii
641 4607 918 4677 disciplina
953 4606 1151 4663 debeat.

371 4689 466 4744 Ἔν
501 4710 596 4745 τισι
632 4693 686 4745 δὲ
722 4693 890 4754 τόποις
927 4692 1128 4762 λατρεία
1164 4696 1247 4761 τῆς
1286 4692 1606 4764 οἰκονομίας.]
1646 4692 1877 4762 Λατρείαν
1914 4694 1998 4756 τῆς
2035 4688 2340 4762 οἰκονομίας,
2388 4696 2611 4745 divinum

423 4797 553 4847 corp.
579 4797 835 4839 Haereseol.
855 4799 931 4838 ΠΙ.
2152 4778 2207 4835 X
