3185 5219
2349 412 2584 471 Lxxm

256 571 319 628 de
336 573 584 640 Antinoo,
603 574 869 628 Marcione
892 586 952 627 ac
974 572 1185 628 Iudaico
1206 572 1344 627 bello
1366 572 1686 627 mentionem
1707 571 1845 637 fecit,
1869 576 1937 635 et,
1960 571 2100 642 quod
2122 574 2278 642 caput
2300 574 2396 635 est,
2418 568 2573 623 buius

253 660 408 714 etiam
438 660 649 714 initium
678 660 889 713 subiicit
918 661 1082 730 capite
1107 677 1179 714 xr.
1244 659 1315 712 At
1334 675 1456 712 vero
1489 674 1600 728 cap.
1624 676 1708 711 xv.
1724 698 1738 723 ,
1771 657 1881 711 sive
1905 654 1987 722 ις’,
2023 658 2239 710 alteram
2262 656 2574 727 Apologiam

250 746 346 799 sub
388 745 465 800 Μ.
499 746 705 800 Aurelio
741 750 795 799 et
825 746 883 799 L.
906 746 1040 798 Vero
1076 745 1325 815 scriptam
1360 743 1611 797 affirmat:
1648 741 1774 795 κατὰ
1808 743 1976 804 τούςδε
2009 742 2090 794 καὶ
2123 740 2150 794 ὃ
2176 746 2338 813 μικρῷ
2363 740 2574 813 πρόσθεν

248 829 365 901 ἡμῖν
389 830 625 897 δηλωθεὶς
647 828 909 892 ’loomim
935 831 1156 900 δεύτερον
1181 828 1299 899 ὑπὲρ
1324 832 1423 881 τῶν
1447 827 1556 880 καθ’
1579 827 1708 898 ἡμᾶς
1731 825 1996 899 δογμάτων
2021 826 2206 897 βιβλίον
2240 826 2447 887 ἀναδοὺς
2470 829 2574 887 τοῖς

250 915 605 986 δεδηλωμένοις
629 914 859 987 ἄρχουσι,
896 916 1010 985 θείῳ
1042 918 1422 985 κατακοσμέῖται
1454 914 1723 985 μαρτυρίῳ.
1781 914 1891 967 Sub
1915 914 2124 967 Aurelio
2157 913 2318 983 igitur
2349 919 2400 966 et
2422 912 2575 977 Vero,

248 1017 381 1072 quos
404 1017 517 1072 cap.
543 1020 665 1067 xm,
700 1003 809 1056 sive
836 999 917 1066 ιδ’,
948 1001 1213 1055 Antonino
1236 1002 1328 1055 Pio
1354 1001 1671 1054 successisse
1695 999 2100 1070 significaverat,
2132 999 2412 1052 secundam
2434 999 2573 1069 Apo-

246 1086 445 1156 logiam
471 1088 683 1153 obtulit,
715 1094 770 1141 et
799 1104 988 1158 passus
1013 1093 1092 1140 est
1113 1086 1358 1142 Iustinus.
1404 1086 1630 1140 Eusebio
1654 1086 1934 1139 assentitur
1955 1085 2164 1139 Hieron.
2188 1085 2242 1137 in
2266 1084 2454 1154 Script.
2479 1085 2574 1137 Ec·

246 1172 369 1226 cles.
393 1178 449 1225 et
469 1171 697 1227 Photius.
743 1174 907 1228 Hodie
928 1173 1115 1227 Iustini
1139 1172 1272 1227 duae
1295 1177 1479 1226 extant
1502 1172 1806 1243 Apologiae.
1853 1172 2050 1224 Harum
2071 1171 2213 1242 prior
2235 1169 2299 1221 ad
2321 1169 2574 1224 Senatum

247 1257 563 1312 inscribitur.
594 1258 852 1313 Posterior
876 1259 1097 1312 eundem
1120 1258 1343 1329 praefert
1364 1259 1590 1323 titulum,
1617 1275 1772 1328 quem
1793 1257 1992 1328 primae
2009 1256 2297 1327 Apologiae
2318 1254 2574 1309 Eusebius

247 1343 508 1409 attribuit,
540 1359 727 1415 nempe
757 1342 1088 1415 Αὐτοκράτορι
1122 1344 1257 1414 Τίτῳ
1290 1341 1444 1414 Αἰλίῳ
1479 1342 1721 1414 Ἀδριανῷ
1755 1341 2030 1413 Ἀντωνίνῳ
2075 1339 2302 1411 Εὐσεβεῖ,
2336 1340 2573 1410 Σεβαστῷ

250 1428 482 1500 Καίσαρι,
506 1427 586 1482 καὶ
609 1428 929 1501 Οὐηρισσίμῳ
954 1429 1044 1501 υἱῷ
1070 1429 1374 1499 Φιλοσόφῳ,
1409 1428 1491 1481 καὶ
1514 1427 1710 1498 Λουκίῳ
1735 1427 2014 1497 Φιλοσόφῳ
2038 1425 2279 1496 Καίσαρος
2305 1426 2441 1495 φύσει
2463 1424 2573 1495 υἱῷ,

250 1514 330 1567 καὶ
360 1513 605 1584 Εὐσεβοῦς
636 1513 905 1586 εἰςποιητῷ.
952 1515 1147 1570 Neutra
1179 1514 1363 1568 harum
1395 1514 1496 1567 soli
1518 1514 1780 1568 Antonino
1814 1514 2189 1583 est-inscripta.
2246 1512 2405 1565 Porro
2440 1527 2575 1581 quae

249 1601 535 1672 posteriore
556 1603 670 1656 loco
697 1607 949 1668 censetur,
987 1618 1048 1656 ea
1082 1603 1253 1673 prima
1277 1617 1345 1653 ex
1369 1599 1571 1665 duabus
1597 1599 1783 1653 oblatis
1808 1615 1840 1651 a
1863 1599 2057 1652 Iustino
2082 1597 2242 1650 videri
2265 1614 2370 1651 non
2393 1596 2574 1649 imme·

251 1687 345 1740 rito
376 1692 567 1758 potest.
611 1687 842 1742 Primum
878 1689 1002 1758 quia
1032 1688 1285 1759 priorem,
1320 1703 1387 1739 ex
1411 1682 1648 1750 Eusebii,
1680 1685 1982 1753 Hieronymi
2012 1689 2067 1738 et
2096 1682 2267 1737 Photii
2300 1683 2575 1736 autoritate

248 1772 511 1827 Antonino
545 1772 662 1840 Pio,
691 1774 1031 1847 posteriorem
1066 1779 1185 1844 post
1217 1773 1328 1826 eius
1362 1778 1585 1825 mortem
1629 1771 1838 1824 Aurelio
1874 1786 1934 1823 ac
1958 1770 2092 1822 Vero
2124 1768 2290 1839 impp.
2322 1768 2575 1822 exhibuit.

250 1857 446 1913 Deinde
468 1860 718 1929 quoniam
740 1860 997 1913 Eusebius
1021 1876 1133 1929 cap.
1155 1876 1239 1912 xv.
1264 1859 1423 1911 verba
1456 1857 1709 1927 quaedam
1742 1873 1810 1909 ex
1841 1856 2125 1926 posteriore
2147 1856 2405 1925 Apologia
2435 1870 2574 1907 com-

248 1948 529 2009 memorat,
555 1946 744 2016 quibus
767 1952 987 1999 mortem
1012 1946 1112 1999 sibi
1136 1962 1168 1997 a
1191 1943 1466 1998 Crescente
1490 1944 1673 2013 cynico
1697 1942 1993 2012 impendere
2016 1940 2174 2006 dixit,
2208 1956 2342 2011 quae
2366 1939 2576 2010 quidem

250 2030 301 2084 in
333 2046 396 2083 ea
428 2031 692 2100 leguntur,
723 2048 855 2102 quae
887 2030 1039 2084 hodie
1074 2032 1241 2101 primo
1274 2031 1388 2083 loco
1424 2030 1651 2100 ponitur.
1697 2029 1970 2081 Praeterea
1997 2041 2130 2097 quae
2164 2026 2394 2081 secunda
2416 2027 2574 2096 vulgo

250 2116 564 2194 nominatur,
596 2116 808 2169 ineunte
839 2117 1091 2170 Antonini
1122 2116 1341 2187 imperio
1376 2115 1571 2186 scripta
1601 2115 1827 2180 videtur,
1871 2129 1932 2165 ac
1963 2112 2184 2165 subinde
2214 2116 2335 2183 post
2365 2112 2576 2166 Adriani

250 2207 485 2255 mortem.
531 2200 733 2273 Quippe
756 2202 967 2256 Antinoi
990 2203 1132 2255 velut
1153 2218 1330 2255 recens
1355 2202 1644 2255 consecrati
1665 2202 1721 2254 in
1743 2201 1835 2254 illa
1856 2199 2115 2264 meminit,
2151 2201 2238 2250 τοῦ
2268 2202 2351 2251 νῦν
2376 2214 2576 2268 γεγενη-

249 2287 409 2358 μένου.
472 2287 605 2341 Item
626 2287 822 2342 Iudaici
844 2289 992 2354 belli,
1026 2288 1165 2358 quod
1197 2288 1407 2359 perinde
1431 2291 1514 2339 νῦν
1537 2285 1856 2358 γεγενημένον
1892 2286 2142 2356 appellat3
2175 2285 2322 2337 cuius
2358 2286 2484 2339 belli
2514 2300 2574 2339 ac

250 2372 550 2427 defectionis
584 2378 735 2427 autor
764 2373 866 2428 fuit
888 2372 1300 2429 Barcbochebas.
1347 2374 1425 2426 Ad
1448 2372 1578 2429 haec
1600 2373 1867 2444 inscriptio
1891 2373 2031 2443 ipsa,
2070 2386 2230 2442 quam
2261 2373 2418 2441 paulo
2453 2377 2574 2424 ante

247 2459 583 2529 protulimus,
606 2459 831 2530 idipsum
855 2459 1070 2513 suadere
1093 2464 1280 2530 potest.
1328 2458 1463 2513 Nam
1485 2459 1778 2523 Aurelium,
1803 2458 2310 2529 quemVerissimum
2333 2458 2576 2527 appellat,

247 2545 478 2598 nondum
503 2545 777 2598 Caesarem
799 2554 967 2599 vocat.
1015 2544 1147 2598 Cum
1172 2551 1345 2598 tamen
1362 2545 1512 2598 Lucii
1522 2545 1645 2599 Veri
1662 2550 1876 2616 patrem,
1902 2544 1992 2615 qui
2015 2542 2083 2596 ab
2101 2543 2327 2596 Adriano
2347 2543 2576 2613 primum

248 2631 524 2701 adoptatus
546 2630 740 2697 fuerat,
764 2648 825 2686 eo
850 2632 1062 2685 nomine
1084 2631 1351 2702 insigniat.
1399 2632 1558 2702 Atqui
1579 2637 1701 2702 post
1715 2630 1929 2685 Adriani
1951 2634 2172 2684 mortem
2189 2628 2428 2683 Aurelius
2448 2629 2576 2683 Cae-

248 2717 375 2770 saris
399 2732 595 2770 nomen
620 2718 857 2771 obtinuit.
905 2715 1156 2781 Quocirca
1180 2719 1359 2771 statim
1380 2723 1503 2789 post
1524 2717 1739 2770 Adriani
1761 2731 1942 2769 necem
1964 2715 2121 2785 paulo
2147 2720 2425 2784 antequam
2449 2714 2575 2770 Cae·-

248 2818 335 2858 sar
354 2803 703 2880 appellaretur
723 2803 991 2868 Aurelius,
1022 2804 1248 2873 priorem
1270 2803 1582 2873 Apologiam
1608 2803 1764 2872 (qnae
1797 2816 2068 2872 perperam
2092 2799 2322 2853 secundo
2345 2801 2459 2853 loco
2483 2817 2576 2869 po-

246 2889 407 2958 nitur)
443 2886 687 2942 habuisse
719 2889 935 2943 videtur.
1006 2891 1238 2959 Apparet
1267 2889 1481 2960 insuper
1516 2889 1782 2942 Verissimi
1810 2903 2003 2940 nomen
2033 2886 2192 2938 etiam
2223 2889 2344 2955 post
2373 2885 2576 2940 virilem

245 2978 426 3045 togam
446 2990 612 3045 penes
635 2975 872 3029 Marcum
895 2975 1162 3028 Aurelium
1186 2974 1463 3040 resedisse;
1486 2975 1699 3028 tametsi
1720 2971 2043 3043 Capitolinus
2068 2975 2349 3039 antequam
2373 2970 2573 3024 virilem

247 3065 425 3130 togam
459 3066 715 3125 sumeret,
739 3061 1105 3131 Verissimum,
1139 3077 1201 3114 ea
1232 3066 1507 3131 usurpata,
1538 3060 1768 3114 Annium
1778 3059 1972 3113 Verum
1990 3056 2230 3127 deinceps
2246 3057 2576 3112 nominatum

247 3162 361 3200 esse
384 3145 665 3217 scripserit.
727 3147 936 3200 Virilem
962 3157 1125 3199 autem
1149 3156 1317 3216 toqam
1339 3150 1553 3216 sumpsit
1571 3147 1931 3216 quintodecimo
1956 3147 2145 3197 aetatis
2168 3159 2327 3206 anne,
2356 3146 2418 3195 ut
2435 3141 2576 3197 idem

246 3235 481 3285 testatur.
519 3229 667 3295 Quod
690 3232 967 3303 superstite
985 3231 1153 3286 adhuc
1172 3232 1398 3286 Adriano
1416 3232 1630 3287 iactum.
1668 3230 1936 3301 Siquidem
1959 3236 2197 3282 mortuus
2220 3232 2301 3282 est
2316 3227 2575 3281 Adrianus

246 3316 522 3372 Camerino
555 3322 611 3370 et
646 3315 808 3387 Nigro
844 3317 990 3374 Coss.
1003 3336 1073 3372 vr.
1096 3319 1209 3371 Eid.
1232 3317 1353 3383 Iul„
1387 3334 1522 3372 anno
1546 3317 1699 3371 Urbis
1724 3331 1995 3371 rocccxcr.
2040 3316 2249 3369 Marcus
2275 3330 2395 3368 vero
2418 3322 2575 3367 natus

247 3410 326 3458 est
346 3404 488 3458 Vero
520 3407 575 3456 et
603 3403 817 3473 Augure
849 3402 1023 3468 Coss„
1057 3421 1195 3458 anno
1222 3418 1560 3459 rocccnmv.
1632 3404 1795 3474 Igitur
1826 3417 2022 3455 annum
2055 3401 2247 3471 agebat
2273 3417 2423 3456 xvm.
2455 3416 2576 3454 cum

245 3489 504 3543 Adrianus
528 3490 770 3560 excessit.
818 3486 962 3552 Quae
986 3489 1048 3542 de
1072 3490 1358 3560 Apologiae
1394 3492 1662 3559 utriusque
1692 3494 1922 3559 tempore
1946 3493 2103 3557 atque
2128 3479 2306 3540 ordine
2330 3486 2575 3551 diximus,

246 3575 403 3629 dubia
436 3591 546 3628 non
583 3579 754 3639 erant,
788 3574 892 3628 nisi
924 3575 1181 3645 quaedam
1215 3592 1282 3628 ex
1304 3575 1529 3629 Eusebio
1567 3581 1620 3628 et
1642 3575 1758 3627 aliis
1779 3573 2173 3636 intervenirent,
2210 3588 2346 3643 quae
2375 3572 2576 3641 negotii

247 3662 578 3733 aliquantum
605 3659 851 3714 facerem.
897 3660 972 3713 Ac
1002 3661 1230 3732 primum
1260 3660 1516 3714 Eusebius
1550 3676 1662 3730 cap.
1687 3677 1790 3714 xvi.
1805 3700 1820 3724 ,
1855 3659 1965 3714 sive
1991 3655 2069 3723 ιζ’,
2102 3657 2424 3711 Christianae
2458 3673 2576 3711 mu-
2642 3640 2654 3653 ’

245 3747 381 3801 lieris
404 3746 683 3800 historiam
709 3745 970 3816 quandam
994 3763 1061 3800 ex
1084 3747 1257 3817 priore
1276 3745 1463 3799 Iustini
1487 3744 1747 3816 Apologia
1767 3750 2025 3809 recenset,
2059 3759 2192 3815 quae
2214 3744 2270 3797 in
2293 3744 2463 3814 prima
2485 3741 2575 3796 ho-

248 3833 425 3886 dierna
448 3831 757 3887 continetur.
790 3830 990 3885 Deinde
1014 3833 1151 3885 idem
1174 3833 1287 3901 ipse
1310 3829 1537 3884 Iustinus
1558 3831 1709 3900 Apol.
1732 3847 1786 3883 n.
1809 3846 1974 3884 annos
1996 3845 2088 3895 cn,
2112 3830 2182 3883 ab
2205 3847 2267 3884 eo
2292 3845 2447 3894 auno,
2471 3845 2575 3899 quo

248 3918 603 3972 defensionem
622 3917 779 3971 istam
796 3917 1071 3982 scribebat,
1096 3916 1359 3971 Christum
1376 3933 1489 3969 esse
1506 3921 1691 3970 natum
1708 3922 1975 3971 memorat.
2010 3916 2143 3970 Cum
2165 3930 2292 3985 ergo
2313 3931 2569 3968 cxxxvm.
2620 3936 2666 3976 p.
2690 3924 2754 3966 8³.

250 4002 439 4058 Christi
462 4020 601 4058 anno
613 4003 909 4056 Antoninus
925 4002 1049 4056 Pius
1068 4002 1255 4067 inierit,
1278 4018 1412 4056 coss.
1427 4000 1699 4055 Camerino
1717 4017 1778 4055 ac
1796 4001 1976 4072 Nigro,
1999 4016 2324 4071 consequens
2343 4005 2424 4051 est
2439 4014 2575 4052 anno

248 4089 499 4142 Antonini
515 4107 630 4144 xm.
662 4087 798 4142 hanc
826 4105 961 4161 quae
986 4087 1216 4142 secunda
1238 4091 1555 4152 numeratur,
1579 4102 1816 4156 quaeque
1839 4103 1872 4139 a
1892 4087 2045 4140 nobis
2068 4087 2207 4156 prior
2231 4083 2577 4147 constituitur,

246 4173 563 4245 apologiam
592 4191 711 4230 esse
742 4175 1011 4247 scriptam.
1054 4173 1329 4227 Praeterea
1349 4173 1630 4226 Marcionis
1651 4171 1899 4226 haeretici
1921 4171 2124 4225 duobus
2159 4171 2215 4228 in
2245 4169 2373 4223 locis
2396 4169 2577 4222 memi-

248 4259 341 4312 nit.
403 4257 559 4312 Hunc
581 4267 754 4315 autem
777 4262 877 4315 sub
900 4260 1164 4315 Antonino
1186 4259 1278 4313 Pio
1303 4264 1424 4330 post
1456 4273 1624 4311 annos
1649 4258 1714 4311 ab
1740 4259 1887 4311 obitu
1910 4255 2099 4310 Christi
2124 4271 2247 4309 cxvi
2284 4255 2391 4307 fere
2415 4270 2576 4307 emer-

250 4345 383 4398 sisse
406 4343 753 4400 Tertullianus
776 4346 1054 4400 confirmat
1075 4346 1164 4400 lib.
1186 4364 1220 4399 ι.
1246 4351 1426 4399 contra
1459 4343 1620 4399 Marc.
1647 4360 1689 4397 c.
1715 4362 1824 4399 xix.
1870 4341 1988 4395 Non
2019 4341 2190 4411 potuit
2219 4339 2380 4409 igitur
2410 4339 2577 4410 primo

248 4430 502 4485 Antonini
523 4430 765 4500 Imperat.
790 4449 928 4487 anno
952 4431 1186 4486 defensio
1209 4432 1300 4484 illa
1322 4431 1388 4484 ab
1410 4429 1611 4484 lustino
1634 4446 1751 4484 esse
1774 4428 1980 4497 scripta.
2027 4425 2130 4480 Sed
2162 4430 2224 4478 ut
2255 4441 2322 4478 ex
2344 4425 2411 4478 iis
2434 4425 2577 4478 tricis

250 4521 515 4586 utcunque
538 4533 595 4570 se
613 4516 802 4570 veritas
820 4518 1046 4589 explicet
1057 4557 1071 4583 ,
1094 4516 1227 4571 mihi
1243 4515 1523 4570 admodum
1539 4515 1808 4586 probabile
1826 4512 2044 4577 videtur,
2067 4511 2168 4564 nisi
2187 4511 2361 4580 plures
2379 4510 2578 4564 duabus

254 4618 346 4671 pro
371 4601 678 4658 Christianis
701 4602 982 4673 Apologias
1003 4601 1237 4656 Iustinus
1260 4601 1500 4666 ediderit,
1535 4601 1749 4654 omnino
1777 4600 1999 4670 primam
2023 4612 2137 4650 esse
2159 4612 2294 4667 quae
2316 4597 2475 4668 vulgo
2499 4613 2580 4649 se-

256 4686 422 4743 cunda
442 4693 772 4759 numeratur;
804 4688 1035 4760 adeoque
1057 4688 1157 4743 sub
1179 4687 1389 4742 initium
1408 4687 1663 4743 Antonini
1682 4686 1926 4757 Imperat.
1948 4683 2197 4755 scriptam
2216 4681 2409 4748 fuisse;
2440 4681 2581 4753 quod
