3185 5219
533 415 764 472 GCLXX
770 415 895 472 XVI

529 588 720 627 monus
737 571 873 626 falso
895 571 948 625 in
973 569 1247 624 Sirmiensi
1268 569 1469 639 synodo
1500 569 1847 640 conscriptam
1877 575 2196 626 asseverant.
2264 567 2400 624 Nata
2431 574 2512 623 est
2538 542 2688 623 'enim
2722 584 2860 624 anno

533 658 742 711 demum
766 672 978 711 cccnrx.
1013 656 1239 710 Eusebio
1274 661 1327 708 et
1353 656 1578 727 Hypatio
1604 672 1738 710 coss.
1774 674 1847 710 ιι.
1873 654 1989 710 Kal.
2012 654 2217 721 lunias,
2251 661 2311 708 ut
2332 653 2650 709 Athanasius
2684 654 2861 710 lib.‘ds

531 742 760 812 synodis
781 743 942 795 docet.
1011 742 1113 804 Qui
1135 741 1245 793 dies
1266 741 1397 811 prid.
1420 746 1749 811 pentecostes
1778 740 1879 794 fuit
1893 780 1907 806 ,
1943 741 2080 810 quod
2101 739 2422 812 Epiphanius
2444 739 2620 794 hocin
2643 742 2760 795 loco
2786 745 2861 794 te·

405 857 422 878 .
531 833 713 881 statur.
759 827 887 881 Vide
912 841 1044 897 quae
1066 825 1311 879 Nicolaus
1333 825 1501 879 Faber
1522 825 1685 897 praef.
1711 825 1776 878 ad
1799 826 1983 879 Hilarii
2004 826 2300 896 fragmenta
2330 825 2563 896 disputat
2594 841 2718 897 pag.
2742 823 2857 880 375.

531 913 697 983 Igitur
727 919 848 982 post
877 914 1210 980 Ancyranum
1254 912 1532 964 concilium
1575 910 1805 964 Basilius
1860 911 2051 981 aliique
2086 910 2529 965 Semiarianorum
2560 910 2724 981 legati
2758 909 2861 964 Sir-

529 999 695 1052 mium
718 997 785 1050 ad
805 998 1168 1067 imperatorem
1191 996 1409 1067 profecti
1442 996 1618 1050 literas
1652 998 1720 1050 ab
1753 1013 1814 1049 eo
1851 1001 2035 1049 contra
2056 995 2355 1050 Eudoxium
2379 1001 2431 1050 et
2450 997 2747 1050 Anemoeos
2772 1011 2861 1049 ex·

529 1089 846 1155 presserunt.
893 1082 1029 1135 Tum
1064 1082 1128 1135 de
1161 1083 1442 1136 eorundem
1478 1081 1696 1135 consilio
1726 1082 2010 1151 imperator
2039 1080 2105 1134 ad
2126 1097 2213 1134 res
2236 1080 2587 1136 Antiochense
2610 1082 2860 1134 eccledae

531 1167 940 1239 componendas,
965 1184 1123 1238 quam
1143 1166 1410 1221 Eudoxius
1433 1172 1638 1238 praeter
1662 1182 1887 1220 canones
1912 1173 2206 1236 occuparat,
2230 1168 2388 1222 simul
2409 1166 2475 1220 ad
2494 1167 2631 1220 Astii
2654 1172 2707 1220 et
2722 1167 2861 1220 Ano·

531 1269 799 1308 moeorum
821 1252 1202 1324 profligandam
1225 1253 1571 1323 impietatem,
1605 1268 1798 1306 novam
1833 1252 2090 1321 synodum
2126 1267 2448 1323 congregare
2482 1253 2688 1317 statuit,
2724 1251 2862 1323 qued

529 1355 690 1410 supra
711 1340 766 1392 in
789 1355 1041 1392 annorum
1068 1339 1282 1409 synopsi
1305 1338 1699 1392 declaravimus.
1744 1336 1935 1391 Postea
1956 1353 2077 1390 cum
2100 1337 2164 1391 de
2185 1339 2343 1403 urbe,
2376 1338 2430 1391 in
2454 1353 2560 1409 qua
2580 1353 2859 1391 consessus

529 1423 710 1478 haberi
740 1430 941 1495 posset,
975 1439 1306 1494 nequaquam
1339 1423 1570 1494 episcopi
1590 1424 1952 1488 convenirent,
1985 1421 2211 1476 Basilius
2245 1439 2382 1477 anno
2407 1438 2658 1477 ccoxux.
2683 1438 2862 1476 rursus

529 1511 596 1563 ad
617 1511 983 1580 imperatorem
1003 1509 1254 1562 Sirmium
1277 1507 1499 1562 advolat.
1567 1508 1714 1561 Prior
1746 1508 1886 1561 enim
1920 1507 2171 1578 profectio
2204 1509 2261 1562 in
2295 1524 2492 1562 annum
2524 1508 2861 1578 superiorem,

531 1611 635 1666 quo
659 1600 713 1649 et
733 1595 1067 1665 Ancyranum
1091 1594 1366 1647 concilium
1389 1593 1706 1647 celebratum
1731 1600 1826 1659 est,
1849 1594 2081 1649 incurrit.
2116 1592 2194 1647 Ibi
2217 1609 2338 1647 cum
2361 1592 2654 1658 Ursacium,
2673 1591 2860 1646 Valen-

407 1745 412 1754 q
529 1687 662 1745 tem,
694 1681 931 1733 Marcum
964 1677 1322 1744 Arethusium,
1356 1679 1643 1749 Georgium
1677 1678 2115 1745 Alexandrinum,
2152 1677 2476 1733 Germinium
2521 1679 2755 1749 aliosque
2784 1678 2860 1730 fa-

530 1767 717 1821 ctionis
739 1765 961 1818 Arianae
981 1764 1241 1834 principes
1265 1763 1589 1830 offendisset,
1626 1781 1745 1818 cum
1780 1764 1883 1817 illis
1919 1779 2233 1834 congressus
2267 1770 2372 1829 est,
2408 1779 2470 1817 ac
2502 1768 2626 1835 post
2645 1764 2861 1834 longam

529 1851 920 1906 altercationem
944 1849 1155 1902 demum
1178 1850 1498 1904 allaborante
1521 1849 1827 1904 Constantio
1862 1849 1917 1903 in
1950 1864 2069 1903 eam
2096 1848 2219 1903 fidei
2241 1849 2621 1920 professionem
2644 1864 2859 1903 consen-

530 1952 648 1991 sum
672 1936 739 1988 ab
764 1935 1004 1989 omnibus
1027 1940 1123 1999 est,
1147 1940 1206 1988 ut
1223 1933 1390 1996 οὐσίας
1406 1941 1460 1988 et
1477 1931 1744 2005 δμοουσίου
1763 1935 1973 1988 abolitis
1988 1935 2204 1988 vocibus
2221 1934 2389 1988 filium
2411 1936 2551 2005 patri
2570 1951 2663 2006 per
2686 1934 2861 1989 omnia

529 2021 757 2075 similem
789 2020 1126 2074 affirmarent.
1195 2020 1293 2073 Gni
1323 2019 1516 2074 Valens
1549 2021 1743 2073 invitus
1777 2020 2108 2090 subscripsit,
2142 2019 2374 2074 Basilius
2406 2035 2529 2074 vero
2542 2060 2556 2086 ,
2591 2017 2734 2091 quod
2766 2020 2859 2073 im-

527 2113 731 2178 petrare
765 2106 981 2159 minime
1012 2105 1290 2176 potuisset,
1326 2111 1385 2158 ut
1415 2106 1472 2159 in
1503 2105 1731 2159 formula
1762 2107 1881 2176 ipsa
1903 2106 2189 2158 substantia
2211 2107 2393 2158 sirudis
2414 2104 2672 2159 diceretur
2703 2105 2858 2171 filius,

527 2193 586 2246 in
606 2191 983 2261 subscriptione
1006 2206 1106 2244 sua
1126 2191 1251 2261 qnid
1273 2192 1488 2244 sentiret
1508 2196 1759 2244 testatum
1777 2190 1956 2255 voluit,
1990 2196 2047 2244 ut
2068 2188 2166 2243 hoc
2192 2191 2307 2243 loco
2330 2195 2509 2244 narrat
2522 2188 2858 2262 Epiphanius.

529 2277 722 2331 Valens
755 2292 875 2330 cum
907 2275 1006 2329 hac
1034 2276 1259 2329 formula
1277 2275 1403 2329 fidei
1435 2277 1612 2329 statim
1646 2275 1714 2329 ad
1738 2275 2064 2329 Ariminense
2098 2276 2377 2329 concilium
2409 2276 2656 2348 perrexit.
2723 2276 2860 2329 Inter

528 2362 711 2416 Hilarii
732 2362 1030 2432 fragmenta
1051 2367 1227 2415 exstat
1247 2361 1468 2433 epistola
1491 2360 1771 2426 Germinii,
1806 2375 1875 2414 ex
1908 2377 2013 2430 qua
2044 2361 2172 2413 illud
2202 2365 2473 2431 praeterea
2498 2361 2857 2432 cognoscitur:

529 2463 652 2502 cum
675 2452 946 2519 praesente
970 2445 1276 2500 Constantio
1299 2446 1510 2516 longius
1535 2445 1601 2499 ad
1625 2453 1832 2500 noctem
1855 2461 2020 2516 nsque
2041 2446 2246 2516 prolata
2279 2453 2420 2501 esset
2448 2445 2512 2499 de
2544 2446 2651 2500 fide
2685 2446 2859 2518 dispu-

528 2536 658 2587 tatio
683 2541 737 2587 et
759 2533 826 2586 ad
847 2540 1044 2586 certam
1067 2533 1305 2602 regulam
1326 2531 1600 2602 perducta,
1624 2532 1862 2585 Marcum
1884 2530 2219 2585 Arethusium
2243 2532 2309 2585 ab
2333 2537 2552 2602 utraque
2573 2537 2723 2603 parte
2745 2548 2858 2585 esse

528 2620 811 2686 delectum,
835 2636 868 2673 a
890 2634 995 2689 quo
1020 2618 1320 2672 Sirmiensis
1342 2618 1434 2672 illa
1455 2617 1683 2672 formula
1704 2618 1920 2684 dictata,
1945 2618 2031 2671 cui
2053 2632 2187 2672 coss.
2211 2618 2431 2689 praefixi
2453 2624 2593 2672 suut.
2640 2618 2725 2671 Ex
2748 2618 2858 2689 qui·

527 2706 627 2760 bus
663 2711 879 2777 apparet
903 2703 1251 2770 Germinium,
1286 2720 1406 2757 cum
1439 2702 1690 2757 hactenus
1715 2705 2100 2758 Anemoeorum
2134 2703 2382 2774 perfidiae
2414 2719 2536 2757 cnm
2558 2702 2777 2757 Valente
2808 2708 2860 2757 et

527 2790 743 2845 Ursacio
764 2791 973 2856 fnisset,
1004 2790 1316 2862 quibuscum
1348 2790 1510 2843 etiam
1542 2789 1764 2843 Hosium
1788 2789 1854 2842 ad
1879 2787 2146 2859 ὁμοουσίου
2170 2794 2224 2841 et
2246 2785 2529 2858 δμοωυσίου
2551 2788 2808 2843 tollendas
2829 2804 2858 2843 e

527 2877 701 2932 medio
722 2893 878 2931 voces
909 2876 1181 2946 adegerat,
1216 2882 1275 2928 ut
1303 2875 1393 2929 lib.
1414 2892 1484 2931 rv.
1512 2890 1626 2946 cap.
1644 2892 1721 2931 ιι.
1755 2874 1937 2928 scribit
1966 2873 2314 2939 Sosomenus,
2350 2874 2417 2927 ab
2450 2873 2555 2927 illis
2586 2874 2858 2944 paululum

529 2963 839 3017 dissensisse
869 2968 923 3016 et
952 2974 1234 3033 suppressa
1264 2963 1349 3027 τῆς
1382 2958 1549 3022 οὖσίας
1579 2961 1847 3015 mentione
1875 2958 1973 3013 filii
1993 2976 2087 3030 per
2109 2959 2288 3013 omnis
2309 2974 2429 3013 cum
2450 2965 2599 3030 patre
2621 2960 2857 3013 similitu·

529 3049 702 3102 dinem
726 3050 1018 3118 agnovisse.
2000 3102 2007 3111 ,

665 3133 940 3202 Γερμανοῦ,
964 3131 1298 3202 Ὗπατιανοΰ]
1344 3131 1449 3185 Alii
1470 3129 1754 3201 Γερμανίου.
1802 3130 1907 3185 Sed
1930 3129 2180 3202 Γερμινέου
2203 3131 2307 3201 leg.

664 3217 728 3273 N.
753 3234 906 3271 xxm.
954 3215 1285 3286 Διηνὲχθησαν
1320 3208 1404 3268 οὗν
1437 3214 1483 3267 oi
1515 3215 1696 3283 αὐτοί]
1764 3216 1992 3270 Basilius
2028 3220 2334 3287 Ancyranus
2367 3221 2489 3288 post
2521 3214 2858 3270 sirmiensem

529 3301 787 3373 synodum
802 3341 815 3367 ,
845 3303 899 3355 in
926 3318 1028 3372 qua
1051 3310 1315 3355 strenuam
1339 3300 1586 3354 adversus
1610 3300 1889 3355 Photinum
1913 3318 2124 3372 operam
2146 3307 2453 3367 navaverat,
2476 3301 2619 3372 apud
2639 3303 2856 3373 impera-

527 3394 694 3442 torem
717 3388 890 3457 gratia
911 3386 1190 3457 plurimum
1216 3392 1267 3440 et
1288 3387 1561 3440 autoritate
1584 3386 1767 3442 valuit.
1831 3386 1967 3440 Nam
1989 3387 2058 3441 ab
2082 3388 2358 3458 Ancyrano
2381 3386 2600 3441 concilio
2623 3387 2691 3440 ad
2712 3388 2856 3441 illum

528 3473 788 3542 allegatus
810 3471 939 3525 nihil
961 3490 1068 3526 nou
1092 3472 1331 3538 obtinuit,
1355 3472 1484 3539 adeo
1508 3478 1566 3526 ut
1583 3470 1881 3525 Eudoxium
1900 3473 2115 3543 eiusque
2137 3472 2512 3544 suffragatores
2533 3473 2856 3543 imperatoris

529 3557 698 3611 edicto
719 3559 1034 3629 percelleret.
1083 3558 1212 3611 Mox
1244 3557 1300 3611 in
1323 3556 1639 3611 Arimuensi
1670 3563 1722 3611 et
1744 3557 2062 3612 Seleuciensi
2083 3557 2284 3628 synodo
2308 3557 2692 3629 congregandis
2712 3573 2856 3630 prae-

529 3645 710 3715 cipuas
733 3649 906 3714 partes
930 3644 1053 3714 egit.
1096 3642 1290 3697 Verum
1311 3644 1470 3714 paulo
1493 3649 1615 3714 post
1636 3644 1812 3697 Aeacii
1833 3643 2058 3697 factione
2082 3643 2311 3697 deiectus
2330 3658 2439 3697 non
2462 3643 2617 3697 modo
2639 3644 2857 3714 impera-

528 3730 656 3783 toris
691 3730 886 3800 gratia,
922 3730 1013 3783 sed
1045 3730 1351 3800 episcopatu
1383 3730 1599 3800 insuper
1632 3729 1840 3783 excidit.
1906 3728 2231 3799 Plagrabant
2259 3745 2352 3800 per
2378 3729 2473 3782 illa
2492 3734 2731 3800 tempora
2750 3745 2857 3782 non

528 3816 700 3868 solum
723 3815 857 3867 inter
875 3816 1093 3868 Arianos
1118 3822 1171 3869 et
1192 3814 1477 3868 catholicos
1491 3855 1505 3880 ,
1530 3815 1622 3868 sed
1646 3816 1780 3868 inter
1800 3816 1944 3884 ipsos
1962 3814 2182 3867 Arianos
2205 3813 2434 3870 dissidia.
2469 3813 2703 3878 Quorum
2726 3814 2856 3868 duae

525 3901 856 3971 potissimum
880 3900 1133 3955 factiones
1157 3905 1320 3953 erant.
1391 3900 1610 3963 Quidam
1635 3902 1777 3954 enim
1800 3899 1993 3954 exiliis
2017 3901 2147 3954 meri
2170 3898 2434 3969 dogmatis
2456 3898 2689 3953 fautores
2712 3899 2855 3965 nihil,

530 3986 668 4056 quod
692 3986 757 4039 ad
776 3985 945 4038 οὐσίαν
964 3991 1017 4039 et
1032 3986 1380 4040 substantiam
1401 3986 1641 4056 pertinet,
1666 4002 1940 4039 commune
1965 4002 2078 4039 esse
2100 3984 2210 4038 filio
2233 3998 2354 4038 cum
2376 3990 2523 4056 patre
2546 3985 2855 4048 sentiebant,

527 4072 747 4142 ideoque
767 4078 877 4124 tam
903 4069 1185 4141 ὁμοιούσιον
1208 4086 1366 4141 quam
1391 4069 1655 4141 ὁμοοόσιον
1679 4070 2036 4142 repudiabant,
2059 4086 2155 4123 nec
2174 4071 2336 4123 ullam
2354 4069 2568 4124 omnino
2586 4072 2673 4137 τῆς
2692 4068 2855 4130 οὐσίας

528 4152 847 4210 mentionem
883 4156 1250 4219 admittebant3
1284 4172 1378 4227 pro
1413 4172 1475 4209 eo
1513 4171 1573 4209 ac
1608 4157 1843 4226 pluribus
1878 4157 1934 4209 in
1966 4156 2175 4208 illorum
2206 4155 2564 4209 conciliabulis
2594 4154 2857 4209 decretum

529 4241 698 4295 fuerat
717 4244 950 4295 maxime
971 4243 1026 4294 in
1050 4241 1280 4295 secunda
1297 4241 1569 4294 Sirmiensi
1588 4242 1840 4307 formula,
1863 4256 2020 4311 quam
2042 4240 2153 4294 osii
2170 4246 2223 4293 et
2237 4239 2461 4294 Potamii
2476 4239 2856 4311 blasphemiam

527 4325 752 4381 ffil'arius
778 4328 1019 4398 appellat.
1067 4327 1265 4380 Horum
1287 4326 1547 4397 principes
1573 4333 1722 4380 erant
1743 4327 2035 4390 Eudoxias,
2060 4325 2149 4395 qui
2167 4324 2544 4379 Antiochenam
2568 4326 2749 4379 sedem
2772 4341 2854 4379 oc·

527 4418 746 4481 cuparat
776 4413 913 4465 Aet-ii
943 4417 1220 4482 patronus,
1257 4411 1517 4481 Georgius
1552 4412 1958 4477 Alexandrinus,
1991 4408 2242 4477 Euzoius,
2275 4412 2367 4482 qui
2400 4410 2706 4465 Antiochiae
2736 4414 2857 4482 post

528 4503 891 4551 exautoratnm
913 4498 1181 4551 Meletium
1204 4496 1454 4551 suffectus
1477 4503 1575 4563 est,
1597 4514 1693 4551 nec
1717 4513 1823 4551 nou
1847 4497 2067 4550 Aeacius
2091 4496 2466 4562 Caesariensis,
2490 4496 2717 4550 Uranius
2733 4495 2857 4566 Tyri

528 4581 788 4653 episcopi,
829 4583 883 4635 in
921 4582 1196 4636 Occidente
1235 4600 1357 4637 vero
1393 4581 1639 4636 Ursacius
1674 4588 1726 4636 et
1749 4582 1964 4648 Valens,
2007 4580 2303 4636 Germinius
2340 4582 2537 4652 aliique
2576 4580 2852 4636 innumeri.

529 4667 678 4732 Quod
702 4668 841 4720 enim
860 4668 1130 4721 Aetianam
1149 4668 1418 4738 perfidiam
1444 4684 1560 4722 cum
1578 4668 1817 4722 Eudoxio
1836 4669 2056 4723 Aeacius
2078 4669 2375 4738 caeterique
2393 4667 2854 4739 propagaverint,
