3185 5219
587 362 668 425 72
1245 372 1608 426 SYMBOLAE
1642 372 1717 424 m
1750 372 2058 425 EPIPHAN.
2092 373 2242 426 mm.

586 498 845 549 Hermann.
878 492 946 544 sd
968 493 1134 561 Viget.
1173 511 1222 559 p.
1249 496 1362 542 709.
1398 491 1607 544 Solntne
1642 492 1882 544 orationis
1918 493 2144 562 exempla
2180 493 2429 545 dederunt
2462 496 2679 546 Abrosd.
2713 493 2749 544 1.
2774 511 2816 544 c.
2852 504 2907 544 et

586 582 731 632 Lect.
769 579 1012 632 Aristaen.
1051 597 1099 646 p.
1121 582 1238 629 200.
1305 581 1509 630 Lei-emt.
1534 578 1612 639 ⁴nd
1644 581 1899 631 Herodian.
1934 579 2015 632 ed.
2053 579 2273 633 rrmiseh.
2309 582 2372 631 T.
2399 582 2460 631 Π.
2496 597 2543 647 p.
2566 583 2684 631 861.
2742 582 2906 631 Wake-

587 669 713 731 field.
750 665 869 715 Silv.
919 664 1038 714 erit.
1094 666 1177 715 lv.
1217 667 1332 714 130.
1382 683 1428 731 p.
1462 669 1573 714 104.
1606 682 1680 734 sq.
1766 668 1944 717 lecobs.
1994 665 2059 715 ad
2113 665 2299 716 Aelinn.
2348 665 2478 716 Hist.
2529 665 2691 718 Anim.
2741 684 2792 733 p.
2826 668 2907 715 50.

586 745 811 804 Franci.
851 750 1056 811 Quaest.
1092 749 1296 802 Lucian.
1334 767 1384 817 p.
1409 753 1522 801 159.
1561 768 1636 820 sq.

725 836 779 886 P.
815 837 914 884 586
953 835 1126 901 (726).
1196 830 1730 901 συνεσκευάσθη
1889 835 2004 889 καὶ
2054 834 2347 903 stet-5211]
2400 836 2480 887 Ne
2515 835 2625 905 quis
2659 836 2762 888 hoc
2796 836 2908 887 Ιοοο

589 919 825 986 ἐξεώσθη
862 937 958 987 pro
993 917 1193 987 ἐξεῶθη
1230 931 1284 971 et
1315 921 1367 972 in
1400 937 1540 989 seqq.
1576 918 1768 983 ἐξῶσαι
1804 938 1897 989 pro
1931 919 2150 984 ἐξεῶσαι
2191 919 2456 989 legendnm
2496 921 2761 982 coniiciat,
2812 920 2908 972 vid.

589 1017 762 1058 annot.
797 1004 849 1055 iu
886 1007 949 1056 T.
975 1007 1037 1055 11.
1072 1023 1121 1073 p.
1147 1009 1245 1057 554
1284 999 1458 1073 (302).

727 1093 778 1142 Ρ.
812 1093 911 1141 586
940 1091 1112 1157 (726).
1161 1096 1307 1151 τοῖς
1338 1095 1714 1159 κληρικοίς
1745 1097 1895 1151 τοῖς
1931 1089 2056 1147 aad
2092 1087 2517 1147 ’Δθανασίου
2557 1081 2744 1161 ούσι]
2776 1092 2909 1142 Sen'-

590 1176 837 1230 bendum:
893 1172 991 1230 ύπὸ
1026 1170 1343 1230 ’Δθανάσιον.
1419 1176 1607 1227 Confer
1640 1176 1792 1228 modo
1827 1194 1875 1245 p.
1912 1181 2012 1228 588
2050 1179 2201 1245 (727)
2251 1177 2521 1245 ἐκκλησίαι
2557 1173 2652 1232 ύπό
2693 1175 2783 1231 ἕνα
2817 1173 2912 1244 άρ-

589 1263 911 1335 χιεπίσκοπον
947 1249 1113 1315 οὖσαι.
1187 1260 1406 1329 Longius
1456 1261 1630 1312 dissita
1679 1272 1825 1323 sunt,
1879 1272 2098 1313 attamen
2137 1281 2197 1313 ex
2234 1263 2408 1314 endem
2444 1264 2493 1313 vi
2528 1261 2913 1331 praepositionis

591 1345 689 1402 ύπὸ
724 1348 850 1399 haec
883 1347 1132 1398 fluxerunt
1166 1349 1226 1398 T.
1263 1349 1346 1398 ΙΙΙ.
1381 1365 1430 1414 p.
1465 1351 1565 1398 418
1606 1348 1793 1414 (1042)
1841 1341 2101 1416 άνετράφη
2138 1387 2149 1399 .
2179 1387 2191 1398 .
2230 1346 2328 1402 ύπό
2378 1345 2463 1402 τὸν
2500 1342 2724 1413 Ἰωσήφ.
2798 1347 2914 1398 Vid.

596 1436 769 1485 Winer.
806 1435 1026 1484 Granum.
1065 1430 1240 1484 ldiom.
1280 1433 1342 1482 N.
1363 1433 1423 1483 T.
1461 1450 1511 1500 p.
1537 1437 1654 1483 344.

727 1520 783 1569 P.
811 1521 913 1569 588
949 1520 1120 1586 (727).
1189 1516 1307 1570 καὶ
1358 1512 1691 1585 άμφᾶδων
1742 1513 1898 1584 ἤτοι
1949 1518 2237 1586 λαυρῶν]
2288 1519 2477 1589 Λαβῶν
2524 1518 2575 1568 in
2626 1519 2705 1568 ed.
2744 1521 2916 1570 Petnv.

590 1620 783 1655 merum
814 1614 893 1654 est
929 1604 1102 1656 vitium
1138 1620 1324 1671 operae
1371 1603 1757 1671 typographici3
1813 1621 1926 1655 uam
1960 1604 2009 1653 in
2052 1604 2387 1655 Animadvers.
2429 1624 2478 1672 p.
2510 1608 2627 1655 282.
2663 1604 2919 1672 vulgatum

594 1690 794 1758 λαβρῶν
827 1699 1008 1740 exstat.
1079 1689 1294 1756 Δαυρῶν
1328 1700 1495 1739 autem
1527 1688 1677 1740 scribi
1698 1692 1924 1742 Petavius
1958 1699 2095 1740 recte
2126 1689 2269 1739 iussit
2305 1699 2411 1741 tum
2448 1690 2497 1739 in
2532 1689 2759 1757 margine
2789 1708 2915 1740 con-

591 1783 793 1840 textus,
818 1825 823 1829 ,
846 1785 953 1824 tum
991 1773 1333 1825 Animadvers.
1370 1775 1403 1823 Ι.
1444 1793 1486 1824 c.
1542 1775 1617 1824 De
1653 1785 1893 1843 perpetua
1914 1813 1929 1835 ,
1965 1791 2112 1843 quam
2147 1773 2284 1824 idem
2319 1774 2369 1825 in
2410 1774 2751 1827 Animadvers.
2791 1775 2913 1826 ntti·

594 1875 686 1944 git,
725 1876 1018 1926 confusione
1050 1876 1305 1927 literarum
1337 1859 1373 1945 ᾗ
1406 1886 1456 1926 et
1488 1861 1529 1929 ἶ
1555 1876 1655 1928 vid.
1691 1887 1866 1928 annot.
1902 1878 1951 1926 in
1988 1881 2145 1928 Elium
2184 1879 2304 1928 Oret.
2340 1876 2435 1929 coi,
2474 1881 2568 1927 772
2607 1877 2710 1946 (9).
2771 1878 2918 1947 Apud

594 1963 924 2025 Epiphaniam
956 1964 1018 2013 Τ.
1056 1963 1141 2011 111.
1177 1966 1347 2029 p.482
1387 1963 1574 2030 (1078)
1612 1957 1776 2032 ἅβρας
1809 1963 2049 2013 mendose
2082 1962 2231 2012 scribi
2266 1962 2463 2013 solebat
2496 1973 2615 2013 ante
2653 1966 2919 2027 Oehlerum,

595 2046 682 2116 qui
718 2041 880 2112 αὔρας
913 2051 1100 2098 Petavii
1132 2063 1278 2097 suasu
1313 2046 1552 2115 reposuit.

733 2134 785 2183 P.
818 2135 917 2183 594
955 2133 1127 2200 (731).
1196 2125 1329 2186 οὔτ’
1369 2132 1687 2202 ἐπινοίᾳ,
1738 2126 1873 2186 οὔτ’
1907 2129 2150 2202 άτόμῳ
2186 2131 2321 2186 τινὶ
2354 2128 2652 2199 προάγει
2689 2129 2720 2188 ὅ
2758 2132 2921 2194 θεὸς

596 2218 711 2272 τοῦ
745 2218 924 2284 υἱοῦ]
961 2218 1043 2268 Ne
1077 2217 1186 2286 quis
1223 2218 1440 2269 fortasse
1477 2216 1542 2267 de
1576 2216 1780 2287 προέχει
1815 2218 2108 2286 reponendo
2146 2220 2363 2286 cogitet:
2399 2216 2639 2286 προάγειν
2674 2218 2918 2271 hocloco

598 2314 677 2354 est
708 2310 909 2369 ternpore
939 2306 1231 2366 praeoedere.
1302 2302 1383 2351 Cf.
1422 2322 1467 2368 p.
1489 2306 1586 2351 596
1627 2304 1781 2372 (731)
1816 2300 2250 2373 προῦπάρχει
2297 2300 2325 2358 o‘
2374 2302 2496 2364 θεὸς
2529 2305 2619 2357 τοῦ
2656 2304 2784 2358 υἱοῦ.
2865 2305 2920 2356 ld

598 2388 736 2456 quod
784 2399 860 2438 est
908 2390 1070 2439 ordine
1119 2402 1178 2438 αο
1211 2390 1436 2452 dimicate
1467 2390 1747 2451 praecedere
1793 2384 2028 2455 προάγειν
2076 2388 2209 2439 valet
2254 2391 2314 2440 T.
2354 2391 2437 2440 ΙΙΙ.
2488 2407 2534 2457 p.
2572 2393 2670 2439 476
2710 2390 2919 2456 (1075).

599 2472 789 2525 Eadem
824 2472 899 2522 vis
934 2472 1072 2523 verbi
1109 2469 1376 2539 ύπεράγειν
1412 2474 1474 2524 Τ.
1502 2474 1586 2522 ΙΠ.
1622 2490 1670 2540 p.
1701 2477 1799 2524 218
1838 2474 2007 2542 (928).

736 2560 908 2609 Ρ.596
947 2559 1118 2626 (731).
1187 2555 1301 2613 τὸν
1347 2555 1492 2613 υἱὸν
1544 2554 1892 2627 λεγόντων
1944 2555 2157 2627 οἱμὲν
2193 2556 2489 2628 ἐρυγήν,
2542 2560 2605 2614 οἱ
2639 2557 2712 2615 δὲ
2747 2579 2921 2629 προ-

603 2643 807 2716 βολήν
856 2639 1253 2712 ἀγέννητον]
1313 2644 1452 2695 Haec
1488 2648 1588 2696 Arii
1640 2644 1790 2696 verba
1835 2663 1895 2695 ex
1932 2648 2201 2696 Theodorou·
2240 2644 2368 2696 Hist.
2408 2645 2543 2697 Eccl.
2582 2648 2617 2697 Ι.
2653 2652 2733 2708 4.,
2792 2666 2923 2717 qnae

600 2740 769 2782 autem
802 2734 970 2797 p.598
1009 2731 1160 2797 (732)
1196 2730 1259 2779 nb
1297 2733 1405 2781 Ario
1437 2728 1501 2781 de
1544 2734 1789 2782 Valentino
1818 2729 1952 2781 dicta
1988 2740 2199 2791 exstant,
2238 2734 2577 2782 “Athanasio
2616 2733 2691 2782 De
2728 2734 2924 2801 Synod.

601 2834 708 2885 oap.
730 2820 809 2867 16.
845 2815 992 2867 attuli.
1025 2815 1091 2867 ad
1127 2819 1517 2880 Mami-:nyma
1560 2835 1609 2882 p.
1629 2819 1712 2867 48.
1751 2816 1833 2865 ubi
1867 2814 2113 2866 illustravi
2149 2814 2488 2883 theologicum
2528 2817 2662 2867 vocis
2698 2817 2923 2888 προβολή

600 2918 759 2965 usum,
794 2917 940 2969 quem
966 2904 1108 2953 Arius
1141 2919 1191 2968 p.
1213 2904 1312 2949 598
1339 2901 1491 2967 (733)
1530 2900 1710 2951 iterum
1747 2910 1908 2952 notat.
1982 2900 2125 2950 Adde
2159 2911 2332 2951 annot.
2356 2903 2408 2950 in
2444 2903 2506 2952 T.
2530 2904 2564 2952 Ι.
2592 2920 2639 2969 p.
2664 2907 2762 2953 146
2784 2904 2929 2971 (69).

600 2987 676 3037 De
720 3004 846 3036 voce
896 2983 1054 3053 ἐρυγή
1108 2986 1244 3036 conf.
1294 2988 1528 3049 Theophil.
1565 2985 1632 3036 ad
1670 2986 1898 3053 Autolyc.
1940 2988 1998 3036 11.
2038 2990 2115 3034 14.
2172 2984 2300 3055 ἔχων
2336 3024 2347 3035 .
2370 3024 2383 3036 .
2422 2982 2451 3040 ὅ
2487 2986 2607 3048 θεὸς
2654 2986 2743 3043 τὸν
2780 2989 2927 3055 λὸγον

600 3067 885 3125 ἐνδιάθετον
921 3070 972 3124 ἐν
1004 3077 1111 3131 τοῖς
1147 3070 1292 3130 ἰδίοις
1327 3067 1656 3140 σπλάγχνοις,
1705 3069 1967 3139 ἐγέννησεν
2005 3065 2161 3126 αύτόν
2180 3109 2196 3131 ,
2245 3068 2375 3137 μετὰ
2409 3073 2507 3137 τῆς
2545 3068 2702 3127 αύτοῦ
2741 3075 2929 3142 σοφίας

599 3153 1140 3222 ἐξερευξάμενος
1187 3152 1283 3223 πρὸ
1333 3156 1434 3209 τῶν
1483 3150 1631 3209 ὅλων.
1720 3158 1904 3220 On’yen.
1941 3156 1993 3207 in
2029 3160 2194 3208 loann.
2234 3158 2274 3206 1.
2307 3159 2389 3206 42.
2441 3157 2522 3206 ubi
2565 3156 2629 3207 de
2677 3158 2796 3210 loco
2848 3161 2926 3209 Ps.

600 3247 702 3306 44,
739 3247 791 3292 2.
841 3236 1273 3307 ἐξηρεύξατο
1323 3238 1362 3308 ἢ
1398 3241 1585 3307 καρδία
1622 3259 1716 3308 μου
1752 3240 1898 3308 λόγον
1934 3235 2142 3309 α’γαθόν.
2216 3240 2330 3294 Vid.
2369 3244 2585 3293 Thonms.
2621 3241 2671 3293 in
2711 3244 2928 3311 Origene

600 3343 652 3393 p.
675 3331 789 3376 112.
838 3327 993 3376 Teste
1028 3329 1315 3389 Sozomenv,
1346 3329 1640 3389 Alexander,
1674 3326 1952 3395 Episcopus
1992 3325 2350 3388 Alexandriae,
2386 3326 2437 3376 in
2474 3327 2687 3395 epistola
2725 3328 2789 3379 de
2825 3333 2929 3380 Arii

599 3410 796 3463 haeresi
831 3409 995 3461 verbis
1029 3427 1091 3459 ex
1141 3412 1216 3461 Ps.
1253 3416 1350 3472 44,
1388 3418 1434 3463 2.
1477 3412 1601 3462 item
1636 3412 1815 3462 abusus
1850 3423 1958 3474 est,
2009 3422 2062 3462 ut
2098 3412 2277 3462 Filium
2312 3411 2535 3462 divinum
2573 3423 2627 3463 et
2662 3424 2924 3464 aeternum

602 3514 711 3547 esse
760 3495 1144 3547 demonstraret.
1228 3497 1371 3547 Adde
1419 3500 1696 3549 Marcellum
1744 3501 2047 3560 ancyranum
2095 3497 2229 3565 apud
2276 3500 2511 3561 Epiphan.
2544 3499 2605 3549 T.
2645 3500 2727 3550 m.
2779 3518 2827 3566 p.
2860 3502 2925 3549 52

603 3582 776 3651 (836).
846 3584 936 3633 Est
967 3590 1134 3633 antem
1168 3579 1324 3649 έρυγῆ
1362 3592 1535 3634 nostro
1570 3583 1684 3633 loco
1718 3597 1868 3634 sermo
1901 3598 1980 3634 ore
2011 3586 2368 3647 pronunciatus,
2403 3583 2530 3633 sicut
2566 3581 2930 3652 ἐξερεύγεσθαι

601 3668 781 3718 Psalm.
816 3667 849 3718 l.
884 3685 924 3718 0.
962 3668 1096 3718 idem
1131 3668 1265 3719 valet
1299 3686 1358 3718 ne
1388 3672 1721 3732 pronunciare,
1756 3667 1993 3736 loquendi
2030 3686 2118 3718 usn
2157 3667 2346 3718 ludaeis
2385 3666 2727 3719 Alexandrinis
2768 3669 2923 3719 fami-

601 3751 729 3803 liari.
801 3752 916 3803 Via.
953 3756 1150 3805 Lobeck.
1186 3752 1250 3803 ad
1287 3755 1541 3816 Phrynich.
1583 3773 1633 3823 p.
1669 3758 1749 3804 63.
1781 3772 1856 3823 sq.
1925 3756 2184 3818 Effutiendi
2219 3754 2334 3814 vim,
2367 3753 2437 3803 de
2474 3771 2569 3821 qua
2604 3752 2739 3803 idem
2774 3755 2837 3802 V.
2865 3755 2927 3805 D.

602 3838 832 3902 monuit,
881 3838 1086 3889 verbum
1119 3838 1274 3890 habet
1306 3857 1384 3907 ap.
1423 3841 1595 3902 Epiph.
1633 3841 1695 3890 T.
1721 3840 1807 3890 m.
1844 3855 1892 3905 p.
1920 3843 2021 3889 340
2057 3840 2210 3906 (998)
2261 3838 2390 3890 binis
2438 3832 2583 3889 locis‘
2610 3837 2658 3888 in
2710 3839 2928 3906 epistola

603 3926 865 3975 Athanasii.
937 3922 1081 3974 Adde
1115 3935 1288 3974 annot.
1326 3924 1379 3973 in
1413 3925 1475 3975 T.
1502 3925 1536 3973 Ι.
1576 3941 1624 3990 p.
1650 3928 1747 3973 162
1786 3925 1923 3993 (78).
1995 3924 2109 3974 Non
2146 3934 2253 3975 erat
2287 3923 2457 3990 igitur,
2495 3923 2631 3992 quod
2667 3926 2841 3975 Daniel
2877 3924 2929 3975 in

603 4008 820 4060 Tatiano
856 4027 906 4076 p.
930 4012 1045 4059 155.
1080 4008 1204 4059 illud
1241 4006 1602 4077 ἐξερεύγεσθαι
1636 4009 1769 4076 apud
1809 4013 2108 4073 Theophilum
2143 4008 2178 4059 l.
2211 4028 2251 4059 c.
2289 4026 2382 4076 pro
2416 4010 2648 4076 gnostico
2686 4010 2766 4059 vel
2803 4010 2928 4060 eab-

606 4094 843 4147 balistico
873 4094 1063 4144 maiore
1095 4094 1220 4155 iure,
1258 4112 1404 4161 quam
1438 4095 1702 4162 προπηδᾶν
1736 4113 1816 4162 ap.
1846 4098 2032 4146 Tatina.
2054 4112 2166 4162 cap.
2184 4098 2245 4155 7.,
2282 4094 2454 4145 haberi
2489 4111 2637 4162 posse
2666 4104 2927 4146 statueret.

739 4182 792 4231 P.
828 4183 927 4230 598
967 4180 1134 4248 (733).
1186 4173 1322 4233 ούδ’
1358 4175 1443 4239 ὥς
1476 4175 1799 4246 Ἱέρακας
1836 4178 2076 4248 λύχνον
2112 4174 2238 4233 άπὸ
2277 4176 2523 4251 λύχνου
2556 4170 2597 4246 η’
2632 4175 2719 4239 ὥς
2754 4184 2928 4247 λαμ-

604 4262 792 4320 πᾶδα
829 4265 933 4326 εἰς
965 4262 1106 4331 δύο]
1146 4266 1386 4316 Similiter
1420 4265 1504 4316 alii
1540 4266 1605 4316 de
1639 4264 1767 4315 Filio
1804 4275 1855 4314 et
1894 4283 2012 4315 vero
2048 4266 2198 4315 etiam
2234 4265 2297 4315 de
2334 4264 2521 4331 Spiritu
2556 4274 2735 4315 sancto
2769 4266 2929 4317 locuti

604 4360 735 4401 sunt.
809 4352 954 4402 Conf.
990 4354 1150 4403 lustin.
1187 4354 1328 4402 Mart.
1369 4350 1496 4401 Dial.
1534 4369 1575 4402 c.
1616 4351 1809 4418 Tryph.
1847 4368 1894 4418 ρ.
1913 4355 2027 4402 284.
2053 4362 2103 4401 et
2141 4354 2254 4400 358.
2293 4353 2481 4401 Talion.
2520 4352 2657 4400 Orat.
2682 4368 2724 4400 c.
2749 4350 2927 4401 Graec.

609 4452 716 4502 cap.
748 4440 796 4486 8.
834 4447 885 4487 et
920 4436 1022 4487 vid.
1061 4439 1283 4488 semisch.
1319 4436 1370 4486 in
1412 4435 1598 4487 Iustino
1638 4437 1784 4486 Mart.
1821 4438 1884 4487 T.
1917 4439 1978 4486 ΙΙ.
2018 4454 2069 4502 p.
2091 4440 2206 4487 283.
2233 4454 2308 4504 sq.
2348 4434 2431 4504 qui
2467 4434 2682 4485 illustrat
2717 4446 2929 4486 senten-

606 4517 730 4569 tiam
762 4523 956 4584 lusani,
1003 4521 1266 4582 docentis,
1321 4521 1561 4589 Spiritum
1597 4541 1626 4571 a
1662 4523 1772 4572 Deo
1807 4538 1905 4572 non
1941 4521 2191 4588 separari,
2242 4521 2361 4584 sed,
2415 4531 2469 4570 ut
2503 4519 2669 4588 ignem
2706 4521 2771 4571 ab
2808 4521 2926 4589 igni,

609 4603 748 4654 nullo
781 4605 884 4657 eius
919 4605 1224 4657 detrimento
1257 4606 1521 4676 proficisci.
1592 4607 1742 4671 Quod
1777 4617 1942 4660 antem
1978 4607 2113 4658 idem
2150 4608 2208 4658 V.
2235 4608 2292 4657 D.
2328 4609 2392 4661 T.
2418 4608 2476 4657 11.
2516 4626 2564 4676 p.
2588 4610 2704 4658 304.
2743 4608 2926 4681 opina-
