3185 5219
2368 376 2540 437 XLIII

215 537 508 609 repiscopos
533 536 776 591 extitisse
798 540 1008 608 putant,
1040 535 1107 589 ab
1130 551 1299 606 eoque
1320 533 1433 589 vice
1455 550 1578 600 sua,
1609 550 1714 606 quo
1734 534 2041 606 praesertim
2062 538 2296 607 tempore
2317 533 2543 599 abesset,

214 623 335 678 Urbi
356 622 668 694 praefectos.
720 622 823 676 Alii
846 622 1109 692 legitimos
1133 628 1187 676 et
1208 621 1496 676 ordinarios
1518 621 1736 679 faciunt.
1785 620 2067 692 Utriusque
2090 621 2376 677 sententiae
2398 636 2541 675 men·

213 709 406 764 tionem
418 708 559 769 ,facit
580 706 922 780 Epiphanius,
948 713 1000 760 et
1021 713 1140 761 utra
1163 709 1330 762 verior
1355 708 1439 772 sit,
1461 708 1717 761 incertum
1733 706 1994 777 relinquit.
2038 706 2270 763 Priorem
2292 724 2361 761 ex
2381 707 2540 761 Pseu-

213 794 492 849 dodam-so
516 795 848 866 amplectitur
867 793 1113 851 Onufrius
1134 795 1191 849 in
1216 792 1496 849 Chronico:
1530 793 1678 864 quia
1702 793 1853 849 Petro
1878 791 2046 847 adhuc
2068 793 2344 864 superstite
2366 791 2541 846 chore-

216 881 461 953 piscopos
496 879 630 934 duos
663 880 975 934 constitutos
1009 880 1109 945 ait,
1142 878 1333 934 Linum
1366 884 1524 949 atque
1557 878 1786 944 Cletum,
1819 894 1955 932 anno
1978 878 2309 949 pontificatus
2329 879 2414 931 sui
2436 896 2542 933 ιιι.

211 965 374 1021 Paulo
410 982 534 1021 vero
569 971 692 1019 ante
726 982 886 1036 quam
919 970 1208 1019 moreretur
1243 964 1464 1018 eundem
1496 964 1710 1019 Petrum
1742 980 2094 1018 successorem
2129 963 2396 1017 ordinasse
2429 962 2543 1021 cle·
2594 956 2600 963 ⁰

212 1057 443 1107 mentem
465 1067 607 1105 anno
631 1049 825 1105 Christi
846 1069 1033 1108 nxvm.
1058 1051 1221 1105 Linus
1243 1068 1398 1123 porro
1422 1049 1608 1105 eodem
1638 1066 1778 1105 anno
1811 1066 1916 1121 quo
1944 1049 2155 1115 Petrus,
2185 1049 2366 1119 paucis
2399 1065 2543 1103 men-

214 1137 356 1190 sibus
388 1137 691 1202 interiectis,
724 1152 912 1208 nempe
934 1156 1010 1193 ιι.
1046 1137 1163 1190 Kal.
1186 1136 1298 1190 Oct.
1319 1153 1510 1207 passus
1542 1141 1638 1189 est.
1690 1134 1931 1191 Clemens
1964 1135 2164 1206 primus
2193 1141 2315 1207 post
2334 1135 2545 1190 Petrum

212 1222 482 1277 Romanus
507 1222 747 1294 pontifex
770 1238 936 1277 annos
968 1223 1102 1277 sedit
1118 1240 1203 1293 ιι,
1226 1239 1433 1279 menses
1454 1240 1523 1287 iv,
1547 1221 1657 1275 dies
1677 1239 1821 1276 xxvi.
1857 1220 1960 1285 Qui
1975 1237 2095 1275 cum
2104 1221 2425 1291 Vespasiano
2438 1240 2547 1288 vin,

215 1314 268 1362 et
289 1308 413 1363 Tito
431 1327 481 1361 v.
504 1307 668 1375 Coss.,
692 1325 830 1362 anno
855 1307 1050 1362 Christi
1070 1326 1288 1373 nxxvn„
1311 1314 1548 1362 mortuus
1571 1312 1725 1373 esset,
1748 1322 2103 1361 successorem
2123 1306 2306 1361 habuit
2327 1307 2548 1373 Cletum,

206 1395 311 1466 ,qui
326 1395 611 1450 Clementis
635 1393 888 1449 hactenus
911 1411 1018 1448 non
1041 1395 1259 1462 collega,
1282 1392 1375 1446 sed
1397 1393 1701 1447 administer
1716 1392 1900 1447 fuerat.
1935 1392 2105 1462 Atque
2121 1392 2167 1445 is
2186 1392 2547 1463 pontificatum

218 1499 311 1536 sex
336 1482 491 1535 annis
516 1481 684 1534 tenuit
704 1480 972 1533 mensibus
990 1497 1040 1545 v,
1064 1479 1246 1533 diebus
1264 1479 1445 1545 tribus,
1469 1495 1588 1533 cum
1612 1479 1885 1550 episcopus
1909 1493 1969 1531 ac
1986 1477 2294 1548 pontificum
2313 1479 2548 1533 minister

217 1567 365 1621 annis
393 1571 552 1620 antea
572 1584 643 1621 xx
657 1605 672 1631 ,
694 1566 962 1621 mensibus
987 1584 1036 1631 v,
1060 1564 1242 1621 diebus
1268 1582 1345 1619 ιιι
1368 1565 1644 1618 extitisset.
1695 1562 1765 1618 Ut
1783 1564 1841 1618 in
1861 1568 2032 1619 totum
2055 1564 2206 1618 annis
2229 1582 2386 1629 xxv1,
2403 1580 2547 1618 men·

214 1654 360 1707 sibus
384 1670 449 1718 x,
484 1651 668 1706 diebus
690 1670 760 1708 xv
795 1652 1154 1723 episcopatum
1187 1651 1425 1721 gesserit.
1476 1651 1699 1704 Moritur
1729 1654 1911 1704 autem
1943 1666 2082 1704 anno
2118 1647 2310 1703 Christi
2331 1666 2546 1705 nxxnv.

214 1738 517 1793 Domitiano
539 1756 614 1793 rx.
637 1738 950 1808 AVirginio
975 1736 1121 1793 Coss».
1158 1736 1308 1791 Hunc
1330 1736 1611 1789 Anacletus
1637 1735 1855 1806 excepit.
1897 1735 2037 1790 Haec
2061 1734 2325 1791 Onuirius.
2365 1735 2413 1789 A
2436 1734 2547 1805 qui-

215 1826 311 1881 bus
334 1830 536 1878 veteres
560 1824 793 1895 plerique
827 1822 1263 1894 praestantissimi
1297 1823 1571 1893 scriptores
1607 1837 1669 1874 ac
1702 1820 2013 1877 recentiores
2049 1820 2387 1886 dissentiunt,
2424 1836 2549 1891 qua-

216 1916 367 1965 tenus
388 1910 581 1967 Linum
603 1916 658 1963 et
675 1909 894 1974 Cletnm,
917 1910 1028 1961 sive
1051 1908 1375 1974 Anacletum,
1397 1912 1518 1979 post
1532 1907 1744 1961 Petrum
1758 1906 2021 1976 legitimos
2040 1912 2094 1958 et
2110 1906 2394 1961 ordinarios
2414 1906 2549 1962 Pon·
2605 1927 2648 1968 p.
2672 1916 2738 1957 48.

218 1996 381 2050 tifices
416 2000 722 2060 numerant,
757 2000 820 2048 ut
848 1994 1092 2048 Irenaeus
1126 1994 1216 2047 lib.
1240 2012 1320 2051 111.
1354 2010 1470 2065 cap.
1495 2012 1594 2058 ιιι,
1628 1992 1885 2047 Eusebius
1919 1992 1974 2045 in
1998 1990 2186 2048 Chi-on.
2213 1998 2268 2047 et
2285 1993 2548 2060 Historia,

215 2080 425 2136 Tertull.
440 2120 457 2145 ,
479 2079 803 2151 Epiphanius
840 2086 894 2134 et
925 2082 1016 2134 alii
1048 2080 1326 2136 innumeri.
1381 2079 1581 2143 Quibus
1605 2079 1825 2132 libenter
1846 2078 2159 2134 accedimus.
2213 2077 2319 2135 Sed
2339 2079 2551 2137 illorum

214 2167 449 2238 plerique
475 2164 681 2219 Gletum
703 2166 925 2221 eundem
949 2183 1067 2221 cum
1088 2166 1340 2222 Anacleto
1362 2165 1579 2221 faciunt.
1634 2163 1776 2229 Quae
1810 2166 1988 2221 omnis
2016 2170 2157 2218 recte
2179 2164 2236 2219 in
2257 2166 2550 2221 Annalibus

215 2267 276 2305 ac
306 2252 590 2323 diligenter
624 2252 865 2322 exposita
898 2258 1037 2305 sunt.
1096 2250 1200 2306 Sed
1220 2252 1413 2305 vitiosa
1446 2257 1528 2305 est
1559 2250 1754 2304 ibidem
1788 2266 2045 2307 annorum
2075 2251 2238 2317 ratio,
2272 2256 2327 2305 et
2357 2251 2554 2309 biennii

216 2333 584 2408 ἇναχρονισμὶις
608 2338 799 2409 ubique
822 2338 1161 2403 commissus,
1196 2337 1259 2392 de
1295 2354 1397 2409 quo
1435 2337 1502 2391 ad
1534 2335 1676 2391 haer.
1699 2354 1770 2391 u.
1794 2336 2136 2407 disputamus.
2189 2336 2445 2401 Quocirca.
2465 2354 2549 2392 ca-

213 2425 468 2493 stigatam
489 2423 800 2495 pontificum
821 2423 973 2479 Rom.
1001 2424 1188 2479 seriem
1205 2430 1259 2477 et
1280 2424 1345 2478 ad
1364 2440 1515 2479 veros
1533 2439 1701 2479 annos
1718 2422 1981 2479 redactam
1995 2421 2096 2478 hoc
2117 2423 2234 2479 loco
2257 2425 2549 2491 subiiciam,

214 2527 393 2565 eorum
417 2509 705 2574 duntaxat,
730 2525 861 2578 quos
883 2508 1206 2579 Epiphanius
1228 2519 1478 2565 recenset.

349 2594 565 2652 Primus
599 2595 760 2665 igitur
782 2594 981 2648 Romae
1015 2595 1377 2667 pontificatum
1411 2596 1579 2652 tenuit
1611 2596 1819 2662 Petrus,
1864 2595 1958 2667 qui
1996 2612 2135 2652 anno
2179 2594 2402 2652 Neronis
2433 2616 2550 2656 ιιιι.

213 2697 399 2752 passus
435 2686 545 2746 est,
580 2680 833 2751 Capitone
869 2687 923 2734 et
953 2680 1089 2735 Rufo
1115 2681 1290 2749 Cosa,
1325 2683 1417 2756 qui
1449 2689 1529 2737 est
1562 2683 1798 2740 Iulianus
1822 2697 1977 2747 oxu„
2013 2697 2164 2738 aerae
2197 2683 2551 2753 Dionysianae

215 2783 403 2832 nxvrr„
426 2784 539 2820 non
560 2784 731 2831 nxrx„
753 2771 816 2819 ut
836 2767 993 2820 estin
1016 2765 1337 2834 Annalibus,
1372 2774 1486 2833 aut,
1511 2773 1570 2822 ut
1592 2768 1809 2824 Onufiio
1833 2769 2026 2838 placet,
2051 2786 2237 2824 nxvm.
2289 2770 2387 2824 Hic
2408 2771 2550 2825 enim

213 2867 315 2905 uno
353 2853 616 2905 duntaxat
649 2868 817 2920 anno,
850 2852 929 2906 illi
964 2853 1171 2909 biennio
1197 2870 1376 2908 verum
1410 2858 1616 2925 tempus
1650 2857 1995 2908 antevortunt.
2049 2852 2209 2910 Cuius
2245 2870 2460 2910 causam
2483 2856 2551 2912 ad

212 2935 453 2992 haeredn
476 2956 547 2991 m.
572 2939 883 3009 aperiemus.

342 3024 543 3078 Eodem
569 3039 706 3079 anno
729 3024 919 3079 Linum
942 3026 1210 3080 successit.
1255 3025 1354 3079 Cui
1375 3041 1541 3078 annos
1564 3025 1828 3097 imputant
1847 3043 1922 3093 ιι,
1945 3043 2155 3084 menses
2179 3046 2237 3093 ιι,
2263 3027 2373 3082 dies
2395 3045 2550 3085 xxur.

211 3110 459 3181 Idemque
480 3115 719 3164 mortuus
743 3117 827 3165 est
848 3127 984 3166 anno
1008 3112 1325 3183 Dionysiano
1344 3130 1563 3168 nxxvm.
1576 3150 1591 3177 ,
1615 3111 1761 3182 Sept.
1783 3131 1961 3179 xxm„
1985 3130 2117 3178 non,
2140 3119 2201 3170 ut
2221 3114 2300 3172 ini
2320 3120 2549 3181 censent,

212 3213 377 3252 ιιιι.

345 3283 555 3337 Tertius
577 3282 771 3338 Linum
794 3282 971 3338 Cletus
996 3285 1228 3356 excepit,
1261 3284 1497 3355 seditque
1521 3300 1689 3339 annos
1711 3303 1807 3350 ιιι,
1829 3301 2040 3339 menses
2063 3304 2157 3352 vn,
2180 3286 2290 3342 dies
2313 3305 2373 3342 ιι.
2407 3285 2553 3342 Obiit

212 3383 350 3423 anno
374 3369 701 3438 Dionysiana
726 3383 836 3424 xor.
860 3371 1052 3441 Aprilis
1077 3388 1219 3426 xxvr.
1253 3371 1477 3425 Traiano
1503 3375 1557 3424 et
1581 3370 1859 3426 Glabrione
1884 3371 2032 3428 Coss.

348 3453 577 3519 Quartus
612 3461 694 3509 est
727 3455 996 3521 Clemens,
1031 3457 1117 3510 cui
1149 3457 1276 3510 anui
1309 3457 1607 3512 tribuuntur
1629 3476 1702 3523 ιι,
1735 3473 1945 3514 menses
1968 3476 2039 3524 vr,
2074 3456 2186 3514 dies
2211 3477 2281 3514 vr.
2330 3458 2550 3516 Moritur

214 3555 353 3595 anno
376 3540 596 3610 Dionys.
620 3542 904 3596 centesimo
926 3560 999 3597 rx.
1022 3542 1137 3616 Kal.
1160 3542 1285 3597 Dee.

352 3625 575 3690 Quintus
598 3626 799 3682 Romae
820 3628 1048 3698 praefuit
1068 3628 1375 3696 Anacletus‚
1399 3629 1552 3686 annis
1574 3647 1659 3696 ιι,
1683 3631 1957 3685 mensibus
1980 3649 2069 3697 ιιι,
2093 3631 2277 3688 diebus
2299 3649 2351 3685 x.
2409 3631 2554 3686 Obiit

217 3726 354 3768 anno
380 3727 467 3766 cx.
938 3761 957 3777 ,

351 3796 550 3851 Sextus
571 3797 866 3870 Euaristus,
897 3799 986 3872 qui
1010 3800 1197 3871 etipse
1219 3815 1386 3856 annos
1411 3800 1545 3855 sedit
1564 3819 1649 3867 ιι,
1679 3817 1890 3856 menses
1912 3818 1994 3858 ιιι.
2042 3801 2286 3857 Mortuus
2310 3805 2391 3856 est
2411 3818 2548 3857 anno

219 3897 391 3948 cxxx„
419 3881 626 3937 Octobr.
651 3902 795 3939 xxvr.

352 3987 445 4023 vn.
469 3975 551 4023 est
571 3970 882 4036 Alexander,
902 3971 993 4043 qui
1016 3991 1049 4026 ι
1074 3988 1239 4026 annos
1264 3971 1511 4025 ecclesiae
1534 3970 1783 4041 praefuit,
1815 3977 1908 4025 aut
1939 3972 2099 4027 etiam
2131 3972 2333 4044 aliquot
2353 3988 2416 4027 eo
2441 3987 2550 4025 am·

216 4053 355 4124 plius
377 4070 602 4109 menses.
634 4056 783 4110 Vixit
803 4057 869 4109 sd
892 4074 1090 4110 annum
1112 4073 1278 4128 usque
1303 4072 1461 4111 cxxx.
1498 4055 1613 4121 Quo
1637 4057 1821 4111 eodem
1847 4073 1985 4112 anno

353 4159 468 4196 vm.
490 4141 847 4195 Romanorum
882 4142 1188 4212 pontificum
1222 4147 1428 4197 creatus
1462 4149 1543 4197 est
1575 4144 1780 4202 Xistus.
1838 4144 1891 4199 Is
1926 4145 2078 4199 annis
2114 4144 2296 4199 decem
2327 4143 2548 4214 expletis

218 4231 457 4282 mortuus
483 4233 564 4281 est
585 4243 724 4282 anno
749 4226 940 4282 Christi
961 4229 1163 4283 circiter
1187 4244 1310 4284 cxr..

349 4331 426 4370 ιι.
449 4312 796 4384 Telesphorus
814 4331 979 4368 annos
997 4315 1132 4369 sedit
1151 4333 1225 4381 ιι,
1248 4331 1457 4368 menses
1476 4332 1550 4380 ιι,
1574 4313 1684 4369 dies
1700 4334 1783 4372 ιιι.
1802 4316 2112 4387 Martyrium
2127 4315 2253 4370 fecit
2267 4330 2405 4372 anno
2419 4332 2545 4372 cun.

355 4416 407 4452 x.
428 4398 697 4469 Hyginus,
719 4400 871 4453 annis
894 4417 965 4454 iv,
1000 4399 1102 4465 Qui
1127 4401 1258 4455 obiit
1279 4418 1416 4454 anno
1442 4416 1581 4456 cnvt.

356 4501 428 4538 ιι.
451 4483 593 4539 Pius.
632 4482 730 4538 Cui
751 4501 917 4539 annos
941 4486 1204 4556 imputant
1224 4487 1451 4541 Annales
1477 4504 1550 4551 ιι,
1574 4503 1783 4542 menses
1805 4505 1877 4542 vr.
1912 4486 2056 4541 Obiit
2077 4503 2214 4541 anno
2239 4503 2396 4545 cmxv.

358 4587 452 4625 ιιι.
484 4569 766 4636 Anicetus,
797 4572 950 4626 annis
975 4589 1071 4628 vm
1102 4572 1278 4627 minus
1310 4572 1581 4628 mensibus
1603 4592 1671 4638 ιι,
1703 4589 1768 4628 ac
1802 4572 1986 4628 diebus
2009 4591 2101 4631 vu.
2160 4573 2383 4630 Moritur
2411 4591 2549 4630 anno

220 4667 443 4713 claum-
