3185 5219
592 359 847 418 OGXG'VI

907 649 998 703 AD
1033 649 1378 703 HAERESIM
1411 649 1653 714 Lxxx„
1689 649 1867 714 QUAE
1902 650 2029 704 EST
2062 649 2660 705 MASSALIANORUM.

729 770 790 827 N.
813 790 850 827 1.
896 768 1236 823 Μασσαλιανοὶ
1261 769 1313 822 δὲ
1337 763 1473 822 οὗτοι
1497 769 1799 836 καλοῦνται]
1863 770 2217 824 Theodoretus
2240 771 2328 823 lib.
2348 789 2416 824 ιν.
2440 771 2628 825 Hister.
2654 786 2768 840 cap.
2788 788 2839 823 x.
2861 775 2911 822 et

592 857 683 910 lib.
703 875 773 910 iv,
799 860 978 910 centra
997 855 1275 920 Haereses,
1311 854 1679 916 Μεσσαλιανοὶος
1715 855 1909 909 Graece
1944 855 2157 925 Εὖχίτας
2192 856 2440 926 appellari
2473 856 2679 920 scribit,
2729 862 2783 908 et
2804 853 2910 906 Ἔν-

595 937 907 1010 commen,
943 941 1082 1011 quod
1117 940 1298 994 afflatu
1332 941 1600 995 daemonis
1623 942 1845 1011 correpti
1867 942 1974 994 vim
1998 941 2141 994 illam
2166 958 2282 995 esse
2303 942 2516 1012 spiritus
2540 942 2709 996 sancti
2732 942 2910 994 menti·

592 1032 786 1081 rentur.
833 1026 996 1080 Iidem
1018 1030 1072 1079 et
1093 1027 1414 1096 Adelpkicmi
1434 1027 1500 1080 ab
1524 1026 1774 1097 Adelphio
1789 1066 1803 1091 ,
1840 1042 1994 1096 quem
2025 1026 2303 1080 Flavianus
2328 1025 2679 1080 Antiochenus
2702 1027 2912 1081 damna-

592 1112 691 1178 vit,
726 1117 779 1165 et
811 1111 1103 1180 Εὖφημῖται.
1169 1112 1297 1166 Vide
1330 1110 1738 1176 Theodoretum,
1774 1118 1826 1164 et
1856 1111 2099 1168 Photiuin
2133 1128 2276 1167 num.
2314 1130 2403 1166 nir.
2475 1111 2573 1176 Qui
2606 1112 2660 1165 in
2694 1113 2912 1166 concilio

594 1196 718 1251 Side
740 1198 796 1250 in
811 1196 1116 1268 Pamphylia
1134 1197 1388 1251 celebrato
1408 1198 1778 1251 condemnatos
1796 1213 1910 1251 esse
1933 1197 2074 1261 dicit,
2097 1197 2348 1267 pluraque
2370 1197 2439 1251 ad
2460 1196 2599 1250 idem
2620 1198 2912 1251 institutum

593 1283 765 1338 refert.
807 1282 968 1352 Origo
992 1299 1113 1336 vero
1136 1283 1498 1354 appellationis
1520 1283 1660 1335 illius
1685 1284 1752 1336 ab
1774 1282 2028 1336 Hebraica
2049 1298 2173 1336 voce
2198 1283 2480 1336 deducitur.
2527 1281 2662 1336 Nam
2698 1254 2915 1354 NE&

595 1375 675 1422 est
696 1384 870 1432 orare,
894 1384 1073 1438 preces
1095 1365 1326 1422 fundere.
1397 1367 1542 1421 Unde
1574 1338 1813 1460 Τῆέκῃ
1846 1366 1893 1420 οἱ
1915 1367 2187 1437 εὐχόμενοι.
2244 1369 2319 1421 Ac
2341 1368 2555 1439 proinde
2578 1367 2913 1428 Μεσσαλιανοξ

596 1470 688 1524 per
712 1471 761 1520 ε,
786 1469 919 1523 qnae
941 1458 1022 1506 est
1040 1453 1209 1506 forma
1231 1452 1447 1507 Beneni.

731 1532 895 1590 Ἦσαν
915 1537 969 1590 δὲ
986 1538 1081 1609 πρὸ
1099 1540 1284 1608 χρόνου
1305 1539 1467 1609 τινός]
1508 1538 1715 1609 Duplex
1736 1539 2169 1592 Massalianorum
2192 1555 2361 1609 genus
2385 1539 2736 1609 distinguitur.
2783 1537 2915 1591 Nam

596 1625 686 1678 alii
707 1629 856 1677 erant
877 1624 1195 1693 antiquiores
1218 1624 1448 1693 merique
1470 1624 1711 1694 gentiles,
1735 1625 1824 1677 alii
1846 1625 1914 1677 ab
1937 1625 2051 1677 istis
2067 1625 2341 1695 propagati
2358 1624 2707 1678 Christianum
2724 1641 2915 1678 nomen

597 1709 930 1779 usurpabant.
999 1709 1074 1762 De
1107 1711 1430 1779 superiorum
1452 1716 1709 1763 vetustate
1741 1716 1882 1764 certo
1906 1711 2236 1780 pronunciari
2259 1728 2364 1764 non
2389 1717 2573 1780 potest.
2642 1710 2775 1763 Nam
2797 1709 2914 1780 Epi-

595 1793 774 1865 phanii
796 1794 938 1847 loeus
961 1794 1059 1847 iste
1083 1795 1424 1864 ambiguitate
1447 1812 1553 1848 non
1572 1802 1737 1860 vacat,
1762 1812 1896 1865 quae
1919 1797 1974 1849 iii
1997 1796 2411 1865 interpunctione
2428 1796 2678 1850 consistit.
2712 1796 2913 1849 Etenim

597 1880 852 1951 suspicari
884 1897 1164 1951 possumus
1199 1881 1273 1934 ita
1305 1879 1432 1934 haec
1462 1897 1577 1934 esse
1608 1881 1984 1934 continuanda:
2020 1874 2143 1947 ἦσαν
2169 1879 2222 1933 δὲ
2248 1881 2341 1950 πρὸ
2366 1882 2551 1951 χρόνου
2575 1880 2703 1942 τινος
2727 1877 2795 1941 ὡς
2819 1878 2913 1931 ἀπὸ

598 1967 696 2018 τῶν
720 1967 901 2035 καιρῶν
925 1966 1288 2033 Κωνοταντὶου,
1314 1965 1394 2017 καὶ
1418 1967 1560 2035 δεῦρο
1586 1963 1730 2018 ἄλλοι
1756 1964 1899 2018 πάλιν
1924 1965 2217 2036 Εὖφημῖται.
2265 1966 2432 2035 Atque
2467 1965 2565 2019 hoc
2597 1972 2748 2036 pacto
2783 1965 2915 2036 prio·

597 2068 708 2115 res,
740 2052 831 2121 qui
852 2055 905 2104 et
926 2052 1172 2122 gentiles,
1205 2051 1496 2106 Constantii
1516 2052 1626 2105 fere
1648 2053 1968 2122 temporibus
1990 2051 2296 2122 prodierint,
2318 2052 2464 2104 alteri
2486 2067 2634 2116 vero,
2668 2057 2915 2120 tanquam

596 2139 816 2191 istorum
849 2138 1189 2208 propagines,
1229 2138 1385 2208 paulo
1417 2143 1537 2191 ante
1571 2154 1729 2207 quam
1762 2136 1888 2191 haec
1922 2135 2242 2207 Epiphanius
2275 2140 2725 2200 commentaretur,
2757 2153 2914 2190 emer·

534 2265 545 2278 .
596 2228 782 2278 serant.
829 2222 1024 2277 Verum
1047 2239 1166 2276 cuin
1190 2241 1297 2277 non
1320 2222 1474 2277 modo
1498 2223 1824 2277 Frobenians
1851 2223 2025 2288 editio,
2059 2224 2150 2276 sed
2182 2223 2341 2276 etiam
2364 2224 2564 2276 calamo
2599 2223 2803 2275 exarati
2833 2239 2914 2275 co-

597 2308 734 2362 dices
768 2313 924 2378 atque
957 2310 1076 2379 ipsa
1109 2308 1344 2362 Ceruarii
1377 2310 1731 2379 interpretatio
1765 2315 1887 2363 ante
1922 2325 2103 2363 vocem
2147 2305 2292 2360 ἄλλοι
2330 2315 2382 2362 et
2420 2314 2541 2379 post
2579 2308 2724 2377 δεῦρο
2764 2309 2914 2361 inter-

596 2394 933 2464 punctionem
954 2393 1257 2459 adhibeant,
1291 2395 1695 2448 existimandum
1718 2399 1797 2447 est
1820 2395 2011 2447 alteros
2034 2396 2189 2459 istos,
2224 2395 2314 2465 qui
2348 2394 2479 2447 inter
2500 2394 2726 2462 gentiles
2748 2394 2916 2463 potius

596 2480 906 2533 numerandi
938 2486 1087 2544 sunt,
1122 2496 1442 2551 quorumque
1466 2481 1532 2533 ad
1567 2480 1961 2534 similitudinem
1994 2481 2306 2552 posteriores
2336 2480 2572 2549 expressi
2595 2485 2743 2544 sunt,
2775 2484 2915 2532 vetn-

598 2566 783 2620 stiores
818 2566 1081 2633 extitisse,
1114 2582 1177 2621 ao
1211 2572 1322 2621 tuin
1358 2566 1564 2621 deinum
1601 2567 1699 2622 sub
1725 2566 2016 2623 Constantii
2050 2571 2284 2637 tempora
2316 2562 2769 2620 Semiohristianos
2802 2566 2916 2619 illos

598 2659 811 2706 exortos
845 2652 1022 2707 fuisse.
1093 2651 1445 2707 Theodoretus
1480 2654 1535 2706 in
1567 2654 1759 2709 Hister.
1796 2654 1993 2708 Eccles.
2030 2652 2429 2722 imperatoribus
2464 2652 2831 2706 Valentiniano
2868 2657 2918 2705 et

515 2768 522 2777 =
597 2738 814 2793 Valente
836 2738 1177 2791 Messalianos
1201 2738 1452 2808 prodiisse
1476 2738 1671 2793 scribit.
1742 2739 1801 2791 In
1826 2756 1928 2808 quo
1952 2740 2019 2792 ab
2042 2735 2331 2809 Epiphanio
2357 2753 2460 2789 non
2484 2736 2759 2807 discrepat.
2826 2738 2917 2791 Hie

597 2840 738 2877 enim
762 2820 830 2884 ὧς
855 2820 951 2875 ἀπὸ
977 2826 1075 2875 τῶν
1100 2826 1280 2893 καιρῶν
1307 2823 1671 2890 Κωνσταντίου,
1707 2822 1966 2884 πλατυκῶς
2003 2823 2082 2875 καὶ
2115 2823 2420 2892 ἀπορητικῶς
2444 2822 2648 2887 scribit,
2683 2822 2823 2892 quod
2855 2823 2917 2874 ad

599 2911 746 2964 initia
767 2910 1122 2963 Valentiniani
1155 2914 1324 2979 potest
1357 2909 1583 2962 extendi.
1654 2908 1801 2971 Quod
1825 2910 1869 2961 si
1892 2909 2032 2979 prior
2054 2909 2144 2961 illa
2165 2906 2570 2977 interpungendi
2593 2909 2725 2961 ratio
2751 2909 2918 2978 magis

598 2995 835 3060 arrideat,
855 3001 968 3049 tum
991 2996 1064 3048 ita
1085 2994 1350 3047 conciliari
1372 2994 1474 3047 ista
1495 2999 1752 3062 poterunt,
1776 2998 1834 3046 ut
1855 2994 2157 3047 Messaliani
2179 2993 2471 3063 superiores
2490 2992 2809 3059 Constantii,
2832 3011 2916 3064 po-

600 3082 839 3135 steriores
855 3080 1210 3135 Valentiniani
1233 3080 1551 3150 temporibus
1575 3084 1747 3132 ortum
1770 3078 2058 3132 habuerint.
2380 3074 2389 3083 ’

735 3164 985 3236 Iosephus
1018 3164 1254 3233 Scaliger
1287 3163 1498 3217 Elenchi
1522 3181 1635 3234 cap.
1656 3182 1840 3217 xxviii.
1866 3164 2212 3217 Massalianos
2239 3164 2456 3217 Essaem
2482 3165 2774 3235 appellatos
2808 3180 2917 3216 esse

601 3257 773 3321 putat,
810 3258 863 3305 et
895 3251 963 3304 ab
997 3250 1062 3303 iis
1095 3249 1530 3302 Massalianorum
1555 3254 1896 3318 propagatam
1920 3247 2176 3302 haeresin.
2226 3249 2357 3302 Nam
2380 3249 2565 3303 Esseni
2588 3247 2764 3301 Ἱκέται
2784 3248 2916 3320 apud

602 3334 868 3389 Philonem
887 3341 939 3388 et
955 3336 1235 3388 Eusebium
1259 3334 1607 3387 nominantur.
1645 3334 1712 3385 At
1732 3304 1969 3421 jvbzn
1993 3334 2201 3388 Iudaico
2222 3340 2304 3388 est
2323 3333 2507 3401 ἱκέτης,
2530 3335 2751 3405 εὖχίτης,
2778 3353 2916 3403 προς-

605 3421 881 3490 ευχόμενος.
930 3420 1291 3474 Coniecturam
1324 3419 1595 3471 adstruunt
1627 3419 1872 3489 pleraque
1894 3420 2332 3473 Massalianorum
2363 3421 2600 3473 instituta
2628 3437 2751 3473 cum
2774 3420 2918 3473 Esse-

605 3505 686 3559 nis
711 3506 1032 3569 communia,
1057 3510 1114 3557 ut
1136 3511 1337 3575 praeter
1354 3505 1709 3557 assiduitatem
1730 3504 1908 3557 orandi
1922 3544 1936 3568 ,
1958 3504 2361 3575 proseucharum
2384 3522 2510 3558 usus
2534 3512 2588 3558 et
2609 3506 2662 3558 in
2687 3521 2776 3558 eas
2799 3507 2919 3558 stati

607 3595 911 3654 conventus,
933 3595 1046 3642 tum
1070 3588 1313 3658 ἀντίφωνα
1336 3597 1389 3643 et
1411 3589 1553 3660 ᾠδαί.
1604 3590 1812 3643 Accedit
1833 3590 1971 3659 quod
1995 3591 2294 3643 Messaliani
2308 3631 2320 3655 ,
2346 3596 2403 3642 ut
2425 3594 2479 3642 et
2500 3590 2710 3655 Essaei,
2732 3593 2842 3644 suis
2864 3608 2918 3644 se

605 3677 756 3733 bonis
779 3675 1100 3730 abdicabant·
1147 3675 1311 3745 Igitur
1333 3676 1520 3746 partim
1543 3676 1758 3729 Iudaeos
1781 3676 1945 3729 fuisse
1969 3677 2177 3741 statuit,
2211 3676 2347 3746 quod
2375 3676 2442 3728 ab
2466 3675 2679 3729 Essenis
2703 3677 2918 3740 oriundi,

606 3762 793 3833 partim
824 3761 963 3831 quod
995 3760 1460 3815 Pseudochristiani
1494 3779 1551 3815 se
1584 3762 1688 3814 illis
1721 3762 2147 3824 admiscuissent,
2180 3766 2341 3829 negat
2372 3761 2553 3815 fuisse.
2622 3760 2758 3816 Nam
2792 3763 2920 3815 inter

606 3852 811 3902 caetera
830 3847 1054 3900 mendici
1077 3853 1239 3911 erant,
1261 3847 1439 3916 quales
1457 3848 1565 3900 veri
1587 3846 1762 3900 Iudaei
1784 3864 1889 3900 non
1913 3853 2075 3910 erant,
2099 3851 2306 3916 propter
2324 3844 2379 3897 το
2400 3844 2709 3914 φιλάλληλον
2728 3864 2919 3911 eorum,
3031 3893 3035 3897 ,

608 3933 746 4005 quod
769 3933 955 3986 divites
975 3950 1082 3987 nen
1104 3934 1367 4003 patiuntur
1389 3934 1649 3985 tenuiores
1673 3932 1963 3985 mendicare
1986 3938 2079 3984 aut
2100 3930 2311 3985 esurire.
2344 3932 2483 3984 Haec
2506 3931 2770 4001 Scaliger3
2793 3948 2920 4003 quae

608 4036 642 4072 a
662 4019 895 4072 Servario
917 4024 1092 4072 nostro
1115 4019 1170 4071 in
1191 4017 1458 4071 Minervah'
1484 4018 1667 4071 merito
1691 4016 2038 4072 confutantur.
2092 4016 2186 4069 Est
2218 4016 2359 4070 enim
2389 4017 2730 4071 fallacissima
2760 4019 2919 4071 nonii-

607 4106 690 4158 nis
724 4104 1045 4166 coniectura,
1079 4110 1282 4155 caetera
1312 4119 1433 4155 vero
1467 4102 1661 4155 leviora
1694 4118 1852 4171 quam
1874 4108 1934 4155 ut
1952 4119 2050 4155 nos
2074 4102 2142 4153 ab
2164 4101 2439 4172 Epiphanii
2461 4104 2741 4156 autoritate
2764 4104 2920 4156 dimo-

609 4194 778 4242 veant.
841 4188 945 4242 Sed
966 4188 1096 4242 illud
1120 4204 1245 4241 sane
1268 4188 1564 4251 ridiculum,
1599 4188 1736 4257 quod
1757 4186 2023 4241 mendicos
2046 4193 2207 4256 negat
2226 4187 2387 4241 fuisse
2410 4188 2646 4242 ludaeos.
2704 4189 2838 4242 Cum
2869 4190 2921 4241 iu

611 4273 898 4344 evangeliis
922 4279 976 4326 et
997 4274 1197 4326 astibus
1220 4272 1570 4343 apostolorum
1602 4274 1843 4343 exempla
1876 4272 2229 4325 mendicorum
2263 4273 2368 4326 sint
2402 4273 2653 4344 plurima,
2688 4274 2920 4344 interque

611 4365 844 4413 caeteros
866 4359 1090 4413 mendici
1111 4359 1314 4422 Lazari,
1349 4374 1503 4427 quem
1535 4374 1715 4411 verum
1752 4357 1995 4413 Iudaeum
2031 4357 2267 4411 extitisse
2298 4357 2519 4412 inficiari
2549 4376 2705 4417 nemo
2738 4364 2919 4431 potest.

614 4443 720 4498 Sed
741 4446 804 4498 de
825 4444 907 4499 his
931 4446 1137 4516 copiose
1160 4443 1432 4497 Serrarius.

750 4529 932 4595 Μηδενὶ
956 4529 1103 4601 μηδὲν
1129 4531 1546 4599 προσκυνοῦντες]
1595 4529 1746 4582 Forte
1770 4527 1937 4598 μηδενὶ
1961 4528 2029 4580 δέ.

752 4610 894 4676 Τινὲς
912 4615 965 4668 ek
983 4615 1138 4676 οἴκους
1156 4612 1340 4675 ἑαυτοῖς
1359 4614 1840 4681 taruennicum]
1881 4612 2049 4683 Φόρος
2073 4628 2104 4667 ⁸
2126 4613 2493 4667 recentioribus
2516 4613 2732 4668 Graecis
2756 4615 2921 4669 forum
