3185 5219
413 3431 454 3469 p.
474 3418 567 3462 12³.

623 407 719 467 CX

622 567 871 621 decretus.
916 567 1011 620 Hic
1036 571 1115 620 est
1131 564 1284 620 Urbis
1308 582 1476 620 annus
1501 569 1730 632 πάντῃ,
1763 582 1865 638 quo
1889 564 2302 620 Alexandrinum
2333 564 2529 620 bellum
2560 564 2829 638 pau-atum
2849 567 2943 631 eet,

620 660 681 707 ut
703 670 769 707 ex
792 652 1008 725 Iosepho
1033 653 1308 722 colligitur.

754 737 948 791 Eodem
970 754 1106 792 anno
1120 778 1133 802 ,
1159 738 1489 809 utnlosephus
1512 753 1627 809 cap.
1649 755 1776 791 ινιτ.
1801 737 2005 803 scribit,
2028 737 2302 809 Antipater
2316 736 2629 793 Phasaelum
2650 736 2944 806 Hierosoly-

620 825 721 878 mis
752 823 1007 894 praeficit,
1030 823 1219 878 Herodi
1245 822 1532 878 Galilaeam
1555 823 1857 888 committit,
1881 822 1978 894 νέῳ
2001 822 2306 876 παντάπασιν
2331 819 2448 876 ὅντι·
2476 820 2529 875 ιε’
2555 823 2651 896 γὰρ
2677 822 2822 894 αὑτῷ
2845 821 2945 892 &st-

621 912 754 980 γάνει
777 911 905 980 μόνα
926 906 1026 974 ἔτη.
1068 909 1407 963 Manifestum
1428 911 1484 963 in
1507 925 1724 963 numero
1748 908 1994 962 mendum
2019 915 2124 975 est,
2148 910 2286 980 quod
2310 910 2524 964 erudifis
2545 910 2674 963 viris
2695 907 2946 972 suboluit,

622 1002 675 1047 et
697 992 767 1047 κε’
792 1011 885 1065 pro
919 991 972 1046 ιε’
1004 995 1349 1049 scribendum.
1418 995 1567 1048 Certe
1601 1012 1718 1048 cum
1748 1001 1870 1048 ante
1904 1011 2102 1049 annum
2136 995 2290 1049 Urbis
2313 1012 2496 1051 ncxcr.
2526 1001 2713 1050 natum
2745 1000 2949 1048 constet

619 1080 902 1145 Herodem,
936 1097 1073 1134 anno
1106 1082 1198 1134 illo
1224 1097 1427 1137 nccvn.
1465 1081 1723 1134 decimum
1759 1087 2000 1134 octavum
2033 1081 2220 1135 saltem
2256 1083 2517 1152 attigerat.
2562 1082 2632 1134 At
2652 1097 2780 1134 vero
2815 1095 2946 1151 quae

620 1172 728 1219 toto
749 1167 841 1219 illo
865 1183 992 1220 ινῐι.
1026 1167 1193 1237 capite
1225 1168 1291 1220 ab
1323 1166 1523 1220 Herode
1557 1171 1710 1236 gesta
1742 1172 2110 1232 memorantur,
2144 1184 2250 1221 non
2282 1184 2502 1239 puerum
2533 1165 2824 1231 Herodem,
2857 1165 2948 1218 sed

619 1252 857 1305 iuvenem
893 1250 1157 1307 exhibent.
1226 1252 1406 1322 Neque
1440 1252 1656 1305 dubium
1693 1247 1796 1317 est,
1831 1252 1956 1322 quin
1989 1269 2097 1306 τοι
2131 1252 2240 1304 νέου
2272 1253 2476 1307 virilem
2509 1253 2668 1306 etiam
2701 1256 2946 1316 atatem,

618 1339 784 1391 multo
806 1339 980 1407 magis
1004 1338 1324 1391 iuventutem
1348 1337 1627 1407 significet.
1674 1336 1789 1401 Qua
1809 1338 2008 1391 ratione
2031 1337 2224 1391 Saulus
2246 1339 2358 1392 Act.
2379 1356 2470 1393 vn.
2493 1338 2680 1398 νεανίας
2701 1343 2947 1402 νοηταῖς

618 1440 724 1477 non
751 1423 888 1494 quod
911 1424 1223 1477 vocabulum
1246 1422 1387 1477 istud
1408 1422 1635 1477 ferocem
1670 1439 1732 1476 eo
1765 1423 1878 1477 loco
1914 1430 1968 1476 et
2000 1424 2250 1478 audacem
2285 1424 2524 1479 declaret.
2590 1423 2776 1494 Friget
2807 1423 2947 1476 enim

618 1509 746 1563 haec
768 1510 1145 1580 interpretatio.
1195 1508 1397 1579 Quippe
1420 1509 1542 1562 licet
1563 1509 1747 1569 νεανίας
1770 1509 2030 1563 interdum
2052 1526 2114 1563 ea
2143 1512 2355 1564 notione
2387 1514 2638 1574 sumatur,
2669 1524 2948 1580 nunquam

618 1601 795 1648 tamen
822 1596 931 1648 sine
957 1594 1283 1648 substantivo
1306 1596 1481 1665 aliquo
1497 1633 1510 1660 ,
1542 1601 1671 1665 puta
1695 1590 1868 1664 ἀνδρὸς
1889 1596 1973 1648 vel
1996 1595 2152 1666 λόγου
2195 1603 2294 1650 etc.
2356 1596 2510 1667 Apud
2529 1596 2729 1649 Lucam
2754 1601 2947 1659 autem,

617 1683 711 1735 ubi
742 1682 982 1734 absolute
1010 1682 1223 1751 ‘ponitur
1256 1680 1482 1751 idipsum
1517 1685 1600 1734 est
1631 1679 1769 1751 quod
1800 1680 2053 1751 interpres
2087 1688 2264 1735 noster
2304 1682 2588 1752 expressit,
2629 1682 2942 1734 adolescens.

618 1765 771 1837 Apud
795 1766 1137 1820 Censorium
1155 1767 1316 1820 Varro
1340 1766 1712 1837 quadrifariam
1732 1764 1959 1820 hominis
1983 1772 2206 1821 aetatem
2226 1768 2464 1838 partitur,
2496 1772 2548 1820 et
2575 1767 2861 1837 pueritiam
2881 1766 2946 1819 ad

619 1868 816 1906 annum
840 1870 953 1916 ιν.,
976 1851 1097 1905 inde
1120 1852 1187 1904 ad
1208 1869 1333 1904 xxx.
1357 1851 1759 1905 adolescentiam
1781 1851 1976 1906 definit.

751 1938 877 1991 Post
910 1936 1039 1990 haec
1074 1953 1108 1990 a
1140 1937 1303 1991 Sexto
1338 1936 1559 1992 Caesare
1591 1936 1917 2007 Coelesyriae
1951 1938 2248 2010 praeficitur
2279 1938 2530 2005 Herodes,
2565 1938 2752 1993 eodem
2789 1955 2942 1993 anno.

619 2024 783 2077 Credo
808 2023 1103 2093 quindecim
1134 2040 1391 2077 annorum
1418 2031 1640 2094 puerum
1659 2021 1930 2077 Romanus
1952 2024 2236 2095 Imperator
2259 2025 2536 2096 στρατηγὸν
2555 2024 2780 2079 faceret:
2817 2031 2944 2089 esto,

622 2109 674 2162 id
698 2110 753 2162 in
774 2110 944 2181 priore
968 2109 1211 2180 exemplo
1235 2115 1450 2180 paterno
1473 2109 1643 2180 possit
1665 2109 1832 2162 amori
1852 2109 2309 2181 indulgentiaeque
2331 2111 2516 2163 tribui.
2552 2110 2763 2175 lterum,
2788 2115 2848 2164 ut
2869 2127 2944 2164 re-

617 2195 720 2249 fert
741 2211 852 2266 cap.
871 2213 982 2251 ιιι.
998 2235 1012 2261 ,
1037 2211 1070 2247 a
1091 2194 1254 2249 Bruto
1280 2201 1332 2248 et
1354 2194 1533 2249 Cassio
1559 2195 1791 2248 eiusdem
1817 2194 2143 2265 Goelesyriae
2166 2194 2441 2266 στρατηγὸς
2465 2202 2670 2250 creatus
2693 2202 2803 2262 est,
2826 2213 2944 2250 cum

618 2281 904 2346 mandatis,
928 2286 986 2334 ut
1009 2281 1295 2334 exercitum
1317 2279 1563 2333 adversus
1587 2281 1883 2350 Augustum
1906 2287 1960 2334 et
1981 2281 2266 2334 Antonium
2288 2282 2657 2348 conscriberet,
2687 2282 2833 2335 facta
2855 2299 2944 2353 po-

618 2367 787 2421 tiundi
818 2367 972 2437 regni
1002 2383 1094 2438 spe
1116 2373 1237 2437 post
1258 2366 1590 2437 impetratam
1612 2367 1901 2420 victoriam.
1947 2365 2063 2430 Quo
2085 2372 2320 2436 tempore
2342 2367 2580 2422 Malchus
2605 2368 2774 2421 Arabs
2801 2369 2944 2420 Anti·

618 2458 824 2523 patrum
846 2467 1048 2505 veneno
1078 2452 1309 2518 necavit,
1342 2451 1565 2523 ideoque
1600 2451 1812 2505 iubente
1845 2450 2025 2505 Cassio
2059 2452 2296 2506 Malchus
2331 2453 2400 2506 ab
2434 2453 2637 2507 Herode
2671 2459 2755 2508 est
2788 2455 2945 2507 inter-

616 2538 799 2594 fectus.
848 2537 1156 2608 congruunt
1176 2537 1303 2590 haec
1334 2553 1470 2591 anno
1496 2536 1650 2590 Urbis
1674 2553 1905 2601 cccxxi„
1938 2537 2136 2591 iuliano
2173 2544 2375 2608 quarto.
2419 2538 2721 2594 Secundum
2751 2537 2944 2609 Philip·

617 2642 831 2696 pensem
854 2640 1087 2697 pugnam
1110 2625 1367 2678 Antonius
1389 2625 1445 2678 in
1468 2623 1676 2693 Syriam
1697 2624 1958 2694 profectus
1981 2622 2290 2678 Phassfflum
2313 2631 2367 2678 et
2382 2625 2637 2680 Herodem
2656 2624 2944 2680 tenuem

617 2711 912 2777 constituit,
946 2710 1026 2762 καὶ
1058 2712 1158 2761 τῶν
1182 2707 1433 2762 Ἰουδαίων
1470 2708 1636 2770 αὐτοῖς
1667 2706 1905 2780 ἐπιτρέπει
1929 2707 2211 2782 πράγματα.
2257 2710 2508 2782 Iosephus
2532 2714 2566 2766 1.
2585 2728 2694 2768 xxv.
2720 2727 2769 2766 c.
2789 2729 2940 2767 xxm.

618 2797 815 2851 Accidit
833 2795 934 2850 hoc
957 2813 1096 2850 anno
1121 2794 1275 2849 Urbis
1300 2810 1525 2850 nccxm.
1540 2835 1554 2860 ,
1578 2796 1781 2849 Iuliano
1806 2815 1853 2849 ν.

749 2883 877 2937 Post
898 2898 1018 2937 cum
1039 2881 1215 2935 Parthi
1236 2882 1557 2951 Antigonum
1580 2881 1866 2935 Aristobuli
1887 2880 1944 2934 F.
1967 2882 2023 2935 in
2047 2896 2268 2952 regnum
2299 2883 2676 2949 restituissent,
2709 2883 2942 2938 Herodes

615 2969 682 3024 ab
703 2969 769 3022 iis
792 2969 973 3040 pulsus
996 2968 1221 3021 Romam
1243 2965 1310 3020 ad
1327 2967 1612 3020 Antonium
1633 2972 1687 3019 et
1703 2966 1978 3021 Gaesarem
2001 2968 2261 3038 confugit,
2285 2983 2319 3021 a
2342 2968 2530 3038 quibus
2551 2967 2943 3040 perhumaniter

616 3061 866 3125 exceptus
900 3059 954 3107 et
986 3054 1191 3107 senatui
1225 3052 1531 3106 conciliatus
1559 3067 1780 3122 regnum
1805 3053 2031 3106 obtinuit
2052 3069 2120 3106 ex
2143 3053 2199 3107 S.
2218 3052 2275 3109 C.
2291 3093 2305 3118 ,
2342 3053 2648 3125 Olympiade
2672 3070 2944 3121 cnxxxrv„

616 3139 845 3194 Domitio
869 3138 1082 3193 Calvino
1106 3158 1164 3193 n.
1189 3143 1242 3192 et
1262 3138 1445 3190 Asinio
1466 3136 1700 3191 Pollione
1724 3154 1884 3203 coss.,
1910 3152 2046 3191 anno
2073 3137 2224 3192 Urbis
2244 3155 2477 3205 nccxtv„
2501 3139 2702 3194 Iuliano
2721 3157 2811 3206 vn,
2837 3157 2942 3210 quo

616 3224 769 3278 desiit
791 3225 1115 3295 Olympiadis
1140 3239 1390 3279 cnxxxrv.
1414 3239 1583 3277 annus
1607 3242 1677 3277 ιν.
1701 3228 1753 3276 et
1775 3224 2046 3295 olympias
2069 3239 2295 3278 cmxxxv.
2321 3227 2505 3296 coepit.
2551 3225 2721 3279 Roma
2755 3227 2811 3279 in
2847 3226 2943 3279 Pa-

615 3312 890 3363 laestinam
915 3324 1150 3363 reversus
1175 3308 1402 3362 Herodes
1425 3324 1545 3362 cum
1568 3308 1832 3379 Antigono
1857 3310 2048 3362 bellum
2072 3310 2262 3379 gessit,
2296 3311 2460 3364 donec
2484 3312 2761 3366 adiuvante
2785 3311 2941 3365 Sosio

614 3401 766 3466 capta
787 3397 911 3449 urbs
936 3401 1040 3460 est,
1073 3404 1124 3448 et
1147 3394 1440 3464 Antigonus
1464 3395 1689 3460 occisus,
1722 3410 1859 3448 anno
1894 3395 2189 3461 sabbatico,
2218 3396 2452 3467 Agrippa
2471 3403 2524 3450 et
2545 3397 2764 3451 Canidio
2789 3398 2943 3452 Gallo

614 3498 748 3535 coss.
775 3481 1065 3551 olympiad.
1091 3496 1349 3546 cmxxxv„
1378 3497 1558 3534 mense
1578 3481 1756 3546 tertio,
1791 3485 1849 3551 τῇ
1873 3479 2017 3552 ἑορτῇ
2041 3484 2123 3549 τῆς
2146 3481 2379 3548 νηστείας.
2434 3483 2530 3538 Hic
2552 3489 2632 3536 est
2652 3499 2823 3538 annus
2848 3483 2942 3536 Ur-

617 3568 698 3621 bis
724 3583 988 3632 nccxvn„
1021 3566 1252 3620 Iulianus
1276 3585 1375 3633 1x.,
1402 3566 1608 3637 Olymp.
1636 3583 1862 3621 cmxxxv.
1887 3583 2056 3620 annus
2082 3585 2156 3621 111.
2182 3567 2422 3621 desinens
2447 3574 2500 3621 et
2521 3569 2694 3622 iniens
2717 3588 2786 3622 ιν.
2803 3608 2817 3633 ,
2852 3586 2942 3640 pe·

616 3653 749 3706 riodi
772 3651 1002 3706 Iulianae
1024 3652 1194 3722 4677„
1220 3669 1321 3722 quo
1346 3654 1587 3706 currebat
1608 3653 1929 3718 sabbaticus,
1954 3654 2100 3722 cyclo
2124 3652 2279 3706 lunae
2301 3652 2349 3707 3.
2374 3654 2472 3707 Dio
2494 3671 2619 3708 vero
2640 3654 2773 3708 libro
2793 3673 2939 3710 xmx.

615 3739 976 3808 Hierosolyma
997 3744 1150 3809 capta
1173 3754 1286 3791 esse
1320 3739 1499 3793 scribit
1521 3754 1660 3791 anno
1684 3739 2042 3804 antecedente,
2078 3738 2292 3793 Claudio
2316 3745 2371 3792 et
2390 3737 2636 3796 Norbano
2659 3755 2793 3794 coss.
2809 3779 2825 3805 ,
2859 3740 2940 3794 lu-

613 3825 753 3878 liano
777 3843 891 3880 vm.
941 3823 1044 3877 Sed
1068 3825 1321 3877 sabbatici
1344 3825 1468 3877 anni
1492 3823 1758 3878 character
1778 3824 1998 3895 Iosepho
2022 3824 2352 3895 suffragatur.

747 3909 1003 3981 Deinceps
1037 3911 1237 3981 aliquot
1268 3909 1482 3963 Herodis
1516 3910 1641 3963 anni
1674 3912 1986 3965 nominatim
2021 3926 2054 3963 a
2087 3909 2305 3981 Iosepho
2341 3911 2718 3981 concipiuntur.
2765 3912 2940 3967 Veluti

612 3997 702 4050 lib.
726 4012 813 4052 ιν.
829 4035 842 4062 ,
868 4011 979 4066 cap.
1000 4013 1091 4050 νιι.
1115 4012 1283 4050 annus
1306 3996 1508 4050 Actiaci
1528 3997 1739 4068 praelii,
1763 3997 1854 4068 qui
1877 4001 1957 4050 est
1979 3995 2209 4050 Iulianus
2233 4013 2317 4051 xv.
2333 4036 2346 4061 ‚
2368 3997 2586 4051 Herodis
2609 3998 2763 4068 regni
2783 3997 2938 4068 septi-

612 4096 731 4137 mus
753 4087 985 4136 vocatur.
1030 4081 1162 4135 Item
1184 4082 1273 4137 lib.
1296 4100 1380 4136 xv.
1405 4098 1518 4153 cap.
1538 4100 1632 4138 111.
1655 4083 1852 4136 mentio
1875 4082 1939 4135 fit
1960 4082 2083 4135 anni
2100 4100 2214 4136 xm.
2238 4081 2481 4149 Herodis,
2504 4100 2661 4154 quem
2683 4083 2939 4154 Keplerus

613 4184 812 4222 annum
832 4168 997 4223 fuisse
1018 4168 1205 4239 probat
1226 4167 1484 4223 Iulianum
1500 4185 1637 4232 ιιι,
1660 4167 1812 4221 Urbis
1837 4183 2091 4223 nccxxrx.
2137 4169 2206 4219 At
2226 4182 2340 4239 cap.
2361 4186 2502 4233 xm„
2525 4168 2938 4241 decimiseptimi

611 4256 692 4308 vel
716 4254 1101 4320 decimioctavi‚
1131 4255 1396 4319 meminit,
1431 4256 1515 4320 τῆς
1551 4252 1704 4305 αὐτοῦ
1738 4252 1979 4322 βασιλείας
2015 4249 2076 4313 ιζ’
2101 4251 2428 4321 παρελθόντος
2459 4249 2623 4325 ἔτους,
2657 4254 2711 4308 id
2747 4262 2830 4309 est
2859 4257 2936 4309 in·

612 4339 798 4395 choato
821 4358 971 4395 xvm.
1041 4338 1154 4403 Quo
1187 4338 1397 4410 quidem
1419 4338 1676 4391 Zenodoti
1706 4337 2037 4391 tetrarchiam
2069 4344 2254 4392 nactus
2287 4344 2386 4394 est.
2452 4339 2605 4410 Apud
2626 4339 2853 4394 Dionem
2885 4340 2936 4393 id

612 4427 799 4479 accidit
820 4442 954 4480 coss.
973 4425 1191 4497 Apuleio
1215 4431 1268 4479 et
1283 4424 1438 4490 Silio,
1461 4423 1616 4477 Urbis
1634 4438 1923 4478 nccxxxrv.
1939 4464 1953 4489 ,
1984 4424 2185 4477 Iuliano
2204 4440 2346 4477 xxvi.
2368 4424 2618 4497 Keplerus
2640 4426 2693 4478 in
2717 4425 2937 4481 Herodis

615 4528 813 4565 annum
836 4530 963 4567 xvir.
987 4512 1215 4578 confert,
1245 4511 1467 4580 ideoque
1498 4515 1619 4562 ante
1641 4509 1830 4573 Nisan,
1863 4509 1999 4562 unde
2022 4509 2237 4563 Herodis
2271 4526 2436 4564 annos
2458 4510 2738 4582 Iosephum
2764 4514 2935 4584 auspi·

612 4598 719 4651 cari
742 4604 907 4669 putat.
954 4597 1101 4662 Quod
1122 4597 1253 4650 nihil
1275 4603 1356 4650 est
1377 4610 1608 4650 necesse.
1654 4594 1790 4649 Nam
1823 4594 2151 4665 παρελθόντος
2186 4600 2275 4648 τοῦ
2307 4593 2441 4657 ἔτους
2479 4595 2538 4658 ιζ’
2564 4598 2777 4668 scripsit
2799 4598 2936 4652 10202

611 4683 771 4754 phus3
794 4684 1039 4737 nimirum
1064 4699 1203 4735 anno
1226 4683 1341 4751 ipso
1367 4700 1513 4737 ινιῐι.
1568 4680 1761 4735 Eodem
1789 4696 1927 4735 anuo
1952 4699 2097 4738 xvm.
2122 4682 2220 4752 (ait
2241 4681 2490 4752 losephus
2513 4698 2626 4753 cap.
2647 4684 2784 4754 ιιν.)
2807 4692 2935 4741 tem·
