3185 5219
2303 406 2558 461 LXXXV

524 546 2550 583 Μ
2639 591 2651 604 ⁶
2677 563 2740 607 ⁹⁸·

460 642 822 697 INDICULUS
860 643 1041 697 COSS.
1081 641 1374 709 ALIQUOT
1408 644 1524 709 QUI
1557 646 1649 699 AD
1686 645 1954 700 CHRISTI
1987 645 2313 702 NATALEM
2609 575 2637 616 p

373 744 461 803 ET
493 744 846 802 PASSIONIS
881 745 1149 803 TEMPUS
1184 745 1564 803 ERUENDUM
1598 746 1837 802 UTILES
1873 746 2041 803 ESSE
2076 749 2400 804 POSSUNT.

1202 868 1270 911 Ad
1296 868 1422 911 Num.
1439 870 1575 910 xxn.

652 1021 859 1076 Primus
893 1038 1064 1075 annus
1099 1027 1180 1076 est
1215 1020 1368 1075 Urbis
1405 1038 1473 1076 ex
1501 1023 1731 1077 Varrone
1765 1022 2130 1077 DCCXLVIII.

571 1140 654 1194 Ex
677 1140 847 1195 Fastis
872 1141 1195 1213 Capitolinis.
1494 1143 1576 1195 Ex
1599 1140 1906 1213 Epiphanio.
1975 1134 1982 1228 Ι
2005 1144 2085 1196 Ex
2108 1143 2275 1196 Fastis
2302 1144 2507 1198 Siculis.

296 1276 319 1328 1
367 1275 577 1330 Laelius
599 1277 798 1333 Bulbus
910 1280 1167 1334 Antistius
1191 1279 1354 1333 Vetus
2001 1279 2135 1334 Nero
2145 1281 2209 1335 11.
2237 1288 2290 1333 et
2311 1281 2508 1334 Pis011.

290 1360 321 1415 2
371 1362 643 1433 Augustus
664 1365 784 1420 XII.
910 1366 1059 1435 Sylla
1998 1363 2194 1419 Balbus
2219 1374 2270 1419 et
2293 1367 2454 1419 Vetus

289 1445 320 1500 3
370 1447 427 1505 C.
455 1448 714 1504 Calvisius
906 1451 964 1504 L.
988 1450 1273 1504 Passienus
1998 1451 2284 1520 Aug.x.111.
2299 1456 2350 1504 et
2361 1451 2507 1518 Sylla

288 1532 323 1586 4
368 1534 427 1589 L.
450 1535 702 1589 Lentulus
909 1537 980 1593 M.
1004 1537 1321 1591 Messalinus
1997 1536 2226 1590 Sabinus
2293 1544 2346 1588 et
2401 1536 2506 1589 Ru-

2064 1620 2202 1674 finus

287 1703 320 1756 5
367 1705 638 1776 Augustus
665 1705 809 1761 xm.
911 1708 986 1763 M.
1021 1707 1238 1763 Plautus
1285 1707 1383 1762 Sil·
1433 1706 1569 1777 Aug.
1592 1707 1737 1761 XIII.
1779 1714 1832 1761 et
1864 1707 1944 1760 Si·
1997 1707 2131 1776 Aug.
2154 1706 2296 1760 XIV.
2322 1712 2374 1760 et
2405 1706 2506 1761 Sil-

977 1809 1148 1847 vanus
1502 1793 1656 1847 lanus
2061 1807 2230 1845 vanus

288 1872 319 1926 6
369 1875 560 1931 Cossus
571 1875 842 1933 Cornelius
910 1878 968 1933 L.
993 1879 1201 1950 Calpur.
1228 1880 1347 1933 Piso
1434 1876 1683 1931 Lentulus
1696 1876 1940 1933 etPisoll.
1995 1877 2246 1931 Lentulus
2274 1883 2326 1931 et
2348 1878 2467 1931 Piso

434 1961 687 2017 Lentulus

287 2044 319 2096 7
369 2046 427 2100 G.
450 2046 641 2101 Caesar
906 2050 964 2103 1..
980 2049 1230 2103 Aemilius
1249 2049 1379 2103 Pau·
1431 2046 1489 2101 L.
1516 2046 1709 2103 Caesar
1738 2055 1791 2103 et
1809 2049 1942 2104 Pau·
1991 2048 2282 2103 Pub.Caes.
2302 2054 2355 2102 et
2368 2049 2502 2104 Pau·

978 2136 1061 2189 lus
1499 2133 1582 2186 lus
2059 2134 2142 2188 lus

285 2215 317 2269 8
364 2218 421 2273 P.
441 2219 691 2272 Vinucius
906 2219 1180 2291 Alphinius
1214 2221 1381 2277 Varus
1432 2218 1685 2273 Vinucius
1703 2226 1756 2273 et
1774 2220 1940 2283 Verus
1993 2220 2242 2274 Vinucius
2252 2222 2500 2275 etVarius

287 2299 317 2353 9
366 2304 424 2358 L.
448 2304 626 2357 Aelius
650 2303 835 2359 Lamia
908 2307 979 2360 M.
999 2306 1251 2360 Servilius
1280 2305 1379 2360 Ge·
1430 2303 1939 2359 LamisetServilius
1988 2304 2171 2359 Lamia
2188 2304 2500 2362 etServilius

974 2393 1148 2446 minus
1497 2388 1771 2444 Nommius

256 2470 317 2524 10
365 2475 491 2529 Sex.
505 2477 683 2530 Aelius
709 2477 837 2530 Cato
907 2478 961 2531 C.
976 2477 1187 2532 Sentius
1199 2478 1379 2532 Satur·
1430 2476 1612 2546 Magn.
1659 2474 1937 2547 Pompeius
1991 2477 2218 2547 Magnus
2263 2483 2316 2531 et
2348 2478 2498 2533 Vale-

974 2564 1130 2617 ninus
1499 2567 1551 2615 et
1572 2561 1812 2617 Valerius
2057 2564 2166 2617 rius

256 2642 313 2696 ll
363 2646 423 2701 L.
434 2647 674 2701 Valerius
703 2649 839 2701 Mes-
910 2648 1000 2701 Cn.
1033 2648 1186 2704 Corn.
1216 2650 1381 2705 Cinna
1429 2647 1655 2720 Lepidus
1694 2655 1750 2703 et
1772 2651 1939 2703 Arun-
1989 2648 2213 2719 Lepidus
2223 2649 2495 2705 etPlaneus

432 2735 548 2787 sala.
972 2734 1199 2803 Magnus
1496 2734 1603 2787 tius

258 2812 317 2866 12
363 2820 437 2873 M.
470 2820 655 2874 Aemil.
686 2819 838 2890 Lepi-
906 2819 964 2874 L.
988 2819 1264 2875 Arruntius
1429 2817 1622 2872 Caesar
1645 2824 1698 2873 et
1720 2818 1901 2890 Capito
1988 2819 2102 2873 Tib.
2131 2818 2278 2875 Caes.
2313 2825 2367 2873 et
2401 2820 2495 2875 Ca-

433 2904 530 2957 dus
2053 2904 2162 2974 pito

686 3008 1058 3049 surrsscTI

364 3075 421 3129 C.
483 3075 687 3131 Atteius
739 3076 835 3130 Ca·
905 3075 962 3130 C.
984 3076 1169 3131 Vibius
1194 3077 1377 3132 Postu-

429 3162 539 3233 pito
975 3179 1095 3216 mus

256 3239 314 3296 13
361 3247 423 3303 A.
449 3247 679 3301 Licinius
710 3246 835 3301 Ner·
905 3248 966 3312 Q.
991 3248 1244 3303 Caecilius
1267 3251 1376 3305 Me·
1428 3245 1661 3302 Creticus
1690 3253 1743 3300 et
1763 3247 1936 3302 Nerva
1986 3247 2188 3304 Cretius
2211 3255 2265 3304 et
2285 3249 2455 3304 Nerva.

428 3348 498 3386 vs
517 3332 728 3387 Silanus
968 3334 1123 3389 tellus
1147 3334 1376 3390 Creticus

689 3437 1060 3478 surrncrr

358 3503 415 3558 P.
438 3504 693 3558 Lentulus
725 3503 833 3559 Sci-
902 3505 961 3559 T.
988 3503 1161 3570 Quint.
1187 3505 1375 3576 Crispi-

426 3590 515 3660 pio
968 3591 1376 3645 nusVslerianus

255 3668 312 3722 14
358 3676 431 3728 Μ.
490 3674 675 3728 Furius
737 3675 831 3729 Os·
902 3676 1098 3730 Sextus
1174 3676 1374 3732 Nonius
1428 3675 1678 3731 Camillus
1702 3683 1756 3731 et
1772 3677 1930 3742 Quin·
1982 3676 2185 3733 Camill.
2214 3684 2268 3733 et
2289 3679 2488 3743 Quinti-

427 3759 604 3814 millus
968 3760 1315 3824 Quintilianus
1496 3763 1706 3816 tilisnus
2047 3765 2222 3820 liunus

684 3862 1053 3905 surrsscrr

356 3931 416 3986 L.
439 3931 703 4001 Apronius
731 3930 832 3984 Ne·
899 3931 962 3986 A.
989 3932 1173 3987 Vibius
1214 3934 1373 3987 Habi-

425 4032 523 4087 pos
970 4018 1109 4072 bitus

252 4093 311 4148 15
359 4099 417 4156 G.
437 4101 713 4173 Poppaeus
737 4101 830 4155 Ss-
900 4101 960 4166 Q.
983 4102 1245 4173 Sulpicius
1277 4077 1371 4158 Cs—
1423 4102 1674 4158 Camillus
1703 4110 1755 4158 et
1777 4103 1928 4159 Sabi·
1979 4102 2281 4160 Camerinus
2312 4110 2366 4160 et
2387 4104 2483 4161 Ss

427 4186 601 4240 binus.
968 4188 1199 4242 merinus
1490 4204 1590 4242 nus
2045 4191 2198 4244 binus

680 4292 709 4332 S
724 4291 761 4332 Π
775 4291 810 4331 1²·
823 4292 860 4332 1·
870 4291 911 4332 Ε
927 4291 961 4333 C
975 4292 1012 4332 Τ
1025 4293 1049 4333 1

357 4356 428 4410 M.
450 4356 688 4428 Papirius
715 4359 831 4414 Mu·
900 4358 961 4424 Q.
982 4359 1253 4430 Poppaeus
1278 4359 1370 4413 Se-

423 4443 549 4495 tilus
966 4444 1224 4497 cundinus

253 4518 311 4571 16
357 4526 416 4582 P.
438 4525 639 4582 Cornel.
673 4527 827 4583 Dola·
897 4528 953 4583 C.
970 4528 1134 4590 Iulius
1157 4527 1367 4584 Silanus
1420 4528 1690 4584 Dolabella
1735 4536 1788 4585 et
1826 4530 1925 4585 Sil·
1977 4529 2246 4586 Dolabella
2274 4537 2326 4588 et
2348 4532 2480 4590 Sila·
2593 4547 2598 4554 ·

424 4611 564 4666 bella
1484 4631 1653 4672 vanus
2043 4631 2141 4670 nus
