3185 5219
52 5021 81 5204 1—„ss

2265 454 2546 511 LXXXIII

208 618 435 689 gelimn,
467 615 563 670 sed
583 615 794 687 Ephesi.
840 613 1022 685 Neque
1044 630 1166 669 vero
1190 614 1291 668 sub
1316 612 1532 667 Claudio
1546 651 1562 677 ‚
1597 612 1690 666 sed
1723 611 1824 666 sub
1855 609 2026 665 Nerva
2047 610 2262 666 Cocceio
2294 612 2362 666 ab
2393 612 2552 666 exilio

208 720 451 758 reversus
474 708 579 758 est:
606 700 847 772 quamvis
868 702 1059 754 iterum
1080 706 1267 771 postea
1287 698 1388 752 sub
1412 697 1628 752 Claudio
1649 701 1949 752 revocatum
1972 698 2171 751 asserit.

344 788 412 844 N.
440 807 546 843 xiv.
596 786 769 839 Ταῦτα
802 784 849 838 ἐν
882 785 1188 855 Βηθαβαρᾷ.]
1252 783 1483 854 Utraque
1505 800 1613 837 vox
1636 789 1689 836 et
1711 782 2007 837 Bethabara
2037 788 2087 836 et
2118 782 2376 838 Bethania
2418 784 2557 855 apud

210 874 459 945 antiquos
481 873 752 945 repetitur.
794 872 925 929 Vide
947 887 1084 943 quae
1107 870 1171 924 de
1192 869 1293 925 hoe
1313 872 1429 925 loco
1452 870 1705 940 scripsere
1725 870 1926 924 Masius
1950 875 2002 922 et
2024 867 2287 924 serrarius
2309 870 2364 923 in
2389 870 2557 935 Iosue,

209 958 450 1015 Kaldon.
475 965 531 1012 et
548 958 762 1013 Toletus
782 957 839 1013 in
860 957 1063 1028 Evang.

350 1043 468 1097 Ἵνα
490 1044 617 1115 δείξῃ
652 1043 779 1114 μετὰ
797 1039 885 1104 τὰς
915 1040 1321 1114 τεσσαράκοντα]
1389 1039 1670 1113 Epiphanii
1702 1041 1964 1096 sententia
1995 1039 2122 1095 haee
2155 1048 2259 1108 est,
2297 1041 2559 1097 Christum

212 1136 339 1202 post
358 1148 433 1185 ιι
458 1129 657 1184 dierum
678 1129 931 1184 ieiunium
960 1135 1013 1183 et
1033 1129 1373 1183 tentationem
1406 1129 1463 1180 in
1489 1126 1780 1181 Galilaeam
1813 1145 1928 1181 esee
1961 1128 2279 1198 profectum,
2309 1128 2562 1183 indidem-

214 1233 319 1287 que
343 1216 413 1271 ad
436 1215 689 1270 loannem
711 1222 765 1269 et
784 1214 1062 1269 Iordanem
1082 1215 1384 1279 revertiss03
1407 1230 1513 1284 quo
1536 1219 1772 1285 tempore
1795 1213 2017 1267 Ioannes
2039 1215 2188 1267 illum
2210 1215 2431 1267 intuitus
2453 1230 2563 1267 rur-

214 1319 339 1356 sum
370 1302 439 1355 de
468 1303 584 1373 ipso
617 1307 840 1356 testatus
876 1306 981 1365 eat,
1015 1299 1194 1365 Imnn.
1218 1318 1262 1364 1,
1297 1298 1381 1353 36.
1454 1299 1591 1353 Tum
1623 1300 1768 1352 enim
1795 1301 2151 1353 ambulantem
2174 1299 2368 1353 vidisse
2391 1300 2564 1353 Iesum

214 1388 403 1441 scibit
422 1387 663 1442 Ioannes.
717 1387 789 1440 At
808 1384 1128 1457 Epiphanius
1147 1385 1228 1440 29.
1253 1390 1309 1438 et
1328 1384 1412 1440 30.
1438 1390 1704 1438 commata
1731 1400 1855 1438 oum
1876 1384 1960 1439 35.
1984 1390 2038 1437 et
2058 1384 2140 1439 36.
2173 1385 2468 1439 confudisse
2489 1387 2566 1438 vi-

218 1473 398 1540 detur,
436 1488 560 1527 cnm
590 1489 659 1526 ex
694 1472 968 1542 evangelio
988 1471 1185 1543 profert
1206 1475 1266 1541 τῇ
1290 1466 1420 1539 ἄλλῃ
1449 1466 1699 1540 ἡμέρᾳ-ὧς
1724 1463 1846 1522 εἶδεν
1871 1470 2020 1523 αὐτὸν
2045 1475 2431 1542 περιπατοῦντα,
2456 1467 2565 1540 ἔφη,
2593 1478 2602 1489 ’

218 1551 370 1619 οὗτός
392 1555 498 1611 lotz
520 1563 619 1614 ete.
667 1556 812 1622 Quae
835 1557 1052 1611 diversis
1075 1558 1132 1610 in
1154 1556 1501 1610 commatibus
1523 1556 1787 1626 leguntur.
1851 1555 2011 1610 Porro
2035 1573 2131 1626 pro
2156 1574 2217 1612 eo
2242 1558 2382 1627 quod
2405 1557 2565 1626 vulgo

216 1645 478 1715 seriptum
500 1649 607 1709 est,
638 1647 698 1713 τῇ
721 1639 977 1713 ἐπαύριον,
1009 1641 1333 1714 Epiphanius
1362 1642 1497 1712 legit
1514 1645 1576 1712 τῇ
1602 1637 1730 1712 ἄλλῃ
1754 1639 1940 1713 ἡμέρᾳς
1975 1643 2079 1695 nisi
2108 1657 2173 1695 ea
2205 1644 2379 1712 potius
2411 1644 2569 1697 inter·

220 1729 452 1802 petatio
475 1729 560 1783 sit.
604 1727 676 1782 Ut
697 1734 752 1782 et
769 1734 950 1783 noster
970 1728 1258 1799 Interpresz
1292 1728 1480 1780 Altera
1503 1729 1604 1780 die.
1650 1728 1721 1780 At
1739 1727 1911 1797 prima
1939 1727 2233 1781 testificatio
2267 1729 2425 1798 paulo
2452 1733 2573 1798 post

220 1815 556 1886 baptismum
577 1814 717 1869 faeta
737 1814 956 1869 videtur.
1002 1813 1151 1868 Unde
1181 1815 1317 1867 inter
1350 1813 1669 1883 baptismum
1691 1812 1886 1866 Christi
1917 1829 1980 1866 ae
2012 1814 2236 1884 primam
2259 1814 2404 1868 illam
2425 1816 2572 1868 testi-

220 1901 533 1956 fieationem
566 1904 620 1953 et
649 1900 1006 1971 apostolorum
1035 1900 1364 1955 vocationem
1395 1898 1773 1970 profectionem
1805 1899 1863 1953 in
1897 1898 2185 1953 Galilaeam
2215 1900 2573 1954 interoessisse

226 1992 381 2058 putat
408 1984 751 2058 Epiphanius.
828 1985 907 2040 De
948 2002 1055 2057 qua
1093 1985 1414 2057 profectione
1447 1981 1587 2037 haud
1624 1984 1732 2037 scio
1765 2000 1834 2037 an
1865 1985 2207 2055 interpretum
2239 1985 2575 2039 doctorumve

227 2072 515 2143 quisquam
535 2071 847 2127 meminerit.
885 2070 989 2127 Sed
1002 2086 1176 2142 neque
1192 2070 1403 2124 Ioannis
1419 2071 1581 2123 verba
1596 2070 1680 2123 vel
1700 2069 1973 2124 minimam
1996 2072 2109 2124 eius
2134 2070 2575 2141 significationem

229 2157 360 2212 dare
382 2155 516 2211 mihi
534 2156 792 2211 videntur.
836 2156 967 2211 Vide
1000 2173 1146 2211 num.
1170 2174 1303 2220 xvi„
1335 2155 1428 2209 ubi
1457 2156 1752 2209 accuratius
1786 2170 1851 2209 ea
1878 2161 2174 2226 temporum
2207 2158 2480 2211 intervalla
2501 2158 2576 2211 di-

228 2248 507 2315 geruntur.
549 2242 677 2297 Post
704 2242 1025 2313 baptismum
1048 2260 1116 2297 xx.
1140 2241 1342 2295 dierum
1370 2242 1628 2295 ieiunium
1658 2242 1911 2312 sequitur,
1941 2246 2052 2295 tum
2088 2236 2436 2297 hebdomades
2469 2242 2580 2297 fere

232 2328 397 2393 duae,
420 2328 613 2400 quibus
630 2327 873 2383 Nazareti
891 2328 950 2382 in
970 2329 1140 2399 patria
1154 2328 1305 2383 vixit.
1342 2327 1477 2382 Hine
1499 2326 1566 2381 ad
1587 2326 1842 2382 Ioannem
1863 2329 2154 2395 revertitur,
2179 2344 2212 2382 a
2236 2345 2340 2399 quo
2364 2330 2580 2400 agnitus

236 2431 301 2468 ao
326 2414 717 2469 demonstratus
742 2419 848 2480 est,
883 2429 946 2467 ae
966 2419 1094 2469 tuno
1114 2413 1346 2468 Andreas
1368 2413 1519 2469 illum
1541 2428 1663 2466 cum
1685 2414 1828 2467 socio
1851 2419 2062 2468 secutus
2086 2420 2191 2479 est,
2224 2415 2345 2468 inde
2366 2414 2576 2482 Petrus;
2628 2426 2669 2468 1»-
2695 2417 2762 2458 ⁹¹·

235 2505 363 2572 post
379 2499 652 2572 Philippus
674 2514 737 2553 ae
759 2496 1072 2565 Nathanael‚
1095 2499 1383 2553 secundum
1406 2515 1543 2569 quae
1561 2499 1762 2571 nupffis
1782 2499 2038 2555 interfuit.
2087 2499 2230 2565 Quae
2254 2501 2430 2555 omnia
2452 2501 2579 2555 duo-

238 2602 358 2641 rum
378 2601 414 2640 a
439 2585 703 2658 baptismo
734 2585 999 2641 mensium
1028 2586 1300 2640 intervallo
1332 2590 1487 2657 gesta
1516 2589 1693 2657 putat,
1726 2582 1826 2639 hoe
1860 2591 1942 2639 est
1961 2602 2129 2657 usque
2153 2587 2219 2640 ad
2241 2605 2312 2641 vi.
2335 2586 2579 2653 Ianuarii,

239 2690 345 2744 quo
368 2672 455 2726 die
476 2671 674 2743 nuptiis
697 2672 959 2738 interfuit,
995 2688 1115 2726 oum
1139 2690 1211 2728 vr.
1232 2671 1347 2727 Eid.
1369 2669 1648 2737 Novemb„
1672 2676 1731 2725 ut
1753 2672 2031 2726 arbitratur
2052 2672 2374 2742 Epiphanius
2388 2713 2402 2738 ,
2437 2689 2471 2726 a
2499 2674 2579 2727 Io-

240 2775 377 2812 anne
400 2758 696 2828 baptizatus
718 2763 871 2814 esset.
918 2756 1248 2830 Colliguntur
1269 2757 1379 2811 dies
1403 2775 1490 2811 u.
1513 2755 1772 2811 Nimirum
1793 2774 1863 2810 ιι,
1886 2757 2089 2823 ieiunii,
2112 2763 2227 2811 tum
2248 2776 2357 2823 xxv,
2392 2760 2581 2828 quibus

241 2844 299 2897 in
318 2843 492 2914 patria
515 2842 753 2900 Galilaea
773 2843 1023 2898 constitit.
1079 2843 1271 2897 Postea
1293 2841 1511 2896 biduum
1542 2857 1647 2912 quo
1680 2841 1747 2895 ad
1774 2841 2025 2896 Ioannem
2058 2844 2293 2897 accessit.
2348 2844 2480 2896 Item
2502 2844 2580 2897 bi-

241 2928 407 2983 duum
428 2928 600 2994 aliud,
630 2945 753 2983 oum
774 2927 1038 2995 Andreas,
1071 2928 1193 2983 inde
1213 2929 1425 2993 Petrus,
1461 2943 1577 2982 sese
1610 2927 1677 2982 ad
1700 2943 1824 2982 eum
1853 2928 2194 2999 applicarunt.
2263 2928 2439 2982 Altera
2457 2944 2580 2982 vero

244 3014 327 3068 die
348 3013 621 3086 Philippus
644 3029 708 3068 ac
730 3012 1025 3069 Nathanael
1040 3014 1229 3069 vocati.
1265 3013 1503 3083 Denique
1524 3013 1678 3067 tertio
1702 3012 1785 3067 die
1807 3019 1930 3083 post
1950 3014 2192 3068 ultimum
2215 3014 2343 3068 illud
2363 3013 2583 3069 biduum

140 3133 151 3140 -
247 3101 461 3172 nuptiae
486 3100 811 3154 subsecutae.
856 3099 938 3153 Ita
958 3117 1030 3154 nx
1052 3099 1162 3154 dies
1186 3100 1478 3171 explentur.

377 3184 445 3242 N.
466 3203 555 3242 xv.
580 3184 673 3238 Καὶ
691 3183 867 3238 λοιπὸν
884 3187 1065 3257 σημεῖα
1082 3182 1218 3253 last]
1253 3185 1381 3240 Post
1395 3185 1699 3257 nuptiarum
1717 3184 1951 3239 officium
1967 3183 2203 3240 Christus
2222 3184 2586 3256 Capharnaum

249 3288 359 3326 sese
392 3270 638 3336 eontulit,
672 3271 765 3324 ubi
793 3269 1036 3342 prodigia
1065 3272 1233 3325 multa.
1262 3277 1468 3341 patrata
1488 3271 1651 3324 credit
1669 3269 1992 3342 Epiphanius
2007 3311 2020 3337 ,
2053 3271 2198 3325 velut
2227 3289 2346 3326 oum
2378 3289 2587 3327 socrum

247 3357 381 3412 Petri
401 3358 714 3412 febrientem
733 3357 937 3410 curavit
963 3361 1019 3410 et
1037 3356 1237 3410 aridam
1254 3354 1482 3410 hominis
1504 3372 1722 3410 manum
1743 3357 1986 3413 restituit.
2040 3351 2147 3411 Sed
2168 3373 2441 3429 perperam
2456 3356 2587 3413 haec

250 3442 348 3497 duo
370 3442 630 3497 miracula
650 3442 707 3496 in
729 3442 869 3495 idem
888 3447 1098 3513 tempus
1121 3441 1372 3496 coniecta.
1417 3440 1555 3495 Nam
1576 3442 1827 3507 alterum,
1857 3440 1958 3496 hoc
1992 3449 2073 3497 est
2102 3444 2276 3497 aridae
2298 3460 2486 3498 manus
2509 3460 2587 3497 re-

251 3530 480 3594 sfimtio,
510 3528 673 3598 longe
692 3533 815 3599 post
835 3528 978 3599 prius
1011 3527 1143 3581 illud
1174 3526 1418 3598 contigit,
1450 3527 1700 3583 nimirum
1731 3533 1852 3599 post
1880 3526 2100 3598 pascha3
2131 3530 2420 3584 seeundum
2450 3529 2590 3600 quod

252 3630 338 3685 per
359 3619 479 3668 sata
500 3629 623 3667 eum
645 3612 913 3684 discipulis
936 3614 1156 3667 nausiit-
1203 3612 1310 3666 Sed
1332 3612 1396 3666 de
1418 3612 1484 3667 iis
1506 3619 1693 3685 postea
1714 3613 1781 3666 ad
1803 3629 1948 3668 num.
1975 3631 2141 3670 mn.
2195 3615 2452 3685 Imposuit
2469 3614 2589 3687 Epi-

253 3698 442 3770 phanio
465 3699 747 3770 multiplex
769 3713 833 3752 ac
852 3697 1088 3752 diversus
1111 3698 1178 3752 ad
1201 3697 1568 3770 Gapharnaum
1590 3699 1764 3752 aditus
1787 3697 1998 3754 Christi.

383 3784 640 3838 Ἐντεῦθεν
657 3783 755 3856 γὰρ
779 3783 860 3836 καὶ
883 3781 1140 3853 ἐπέκεινα]
1207 3783 1291 3838 Ex
1321 3784 1388 3838 iis
1422 3801 1559 3856 quae
1592 3784 1801 3838 disserit
1821 3783 2144 3855 Epiphanius
2178 3785 2401 3839 efficitur
2432 3785 2590 3857 paulo

255 3878 369 3943 post
386 3872 580 3925 ultimo
601 3874 817 3923 vocatos
855 3885 919 3924 ao
944 3869 1046 3926 sibi
1067 3870 1340 3924 adiunctos
1365 3871 1632 3941 apostolos
1645 3910 1660 3935 ‚
1692 3869 1927 3935 Petrum,
1961 3871 2226 3925 Andream
2257 3876 2310 3924 et
2340 3877 2591 3937 meteres,

258 3958 316 4011 ad
336 3955 784 4029 praedicationem
806 3971 1140 4026 aggressum,
1173 3956 1334 4010 etiam
1367 3961 1650 4025 antequam
1672 3955 1894 4008 Ioannes
1925 3956 1982 4009 in
2005 3957 2216 4011 vincula
2237 3957 2591 4010 conficeretur.

256 4043 330 4097 De
351 4057 460 4116 qua
480 4057 539 4097 re
560 4040 902 4112 postmodum
926 4048 1126 4111 agetur,
1159 4047 1220 4095 ut
1254 4047 1308 4094 et
1330 4040 1394 4094 de
1417 4040 1580 4094 natali
1604 4037 1798 4094 Christi
1818 4056 1879 4095 ac
1901 4058 2027 4097 vero
2051 4043 2297 4114 baptismi
2321 4047 2374 4094 et
2393 4041 2591 4112 passio·

258 4129 335 4183 uis
357 4143 517 4184 anno.

386 4212 452 4266 N.
477 4229 590 4266 xvi.
642 4208 759 4281 Περὶ
782 4211 894 4264 θεοῦ
916 4215 993 4283 τῷ
1016 4211 1292 4282 meinata]
1349 4212 1560 4266 Praeter
1592 4212 1945 4266 coniecturam
1978 4213 2123 4266 illam
2158 4228 2319 4283 quam
2349 4212 2416 4265 ad
2448 4229 2595 4267 oram

262 4298 592 4352 affluimus
612 4298 842 4352 occurrit
862 4298 1018 4352 scribi
1038 4314 1195 4369 posse
1217 4297 1326 4368 περὶ
1348 4289 1411 4349 οὗ
1433 4300 1509 4367 τῷ
1533 4312 1615 4348 m.

390 4383 486 4436 Καὶ
502 4380 756 4444 &femare
773 4381 861 4434 τὸν
878 4381 1102 4452 Πέτρον]
1154 4383 1415 4454 Egregius
1438 4381 1521 4435 hie
1546 4382 1718 4448 locus,
1742 4398 1812 4435 ex
1829 4397 1933 4452 quo
1951 4381 2116 4450 liquet
2129 4381 2340 4436 Petrum
2361 4383 2598 4440 Andreae

267 4483 325 4522 ae
344 4469 564 4522 caeteris
588 4467 843 4538 spontem
875 4483 982 4520 non
1007 4468 1192 4523 aetatis
1215 4475 1307 4522 aut
1325 4468 1618 4523 vocationis
1641 4467 1846 4532 ordine,
1881 4465 1972 4519 sed
2003 4467 2320 4537 principatus
2343 4485 2405 4523 ae
2429 4469 2597 4541 digni·

268 4554 410 4622 tatis,
434 4553 700 4626 anteponi.

398 4639 536 4692 Φασὶ
558 4639 656 4710 γὰρ
681 4637 840 4700 οὕτως
865 4637 912 4691 οἱ
934 4633 1122 4707 ἄλλω]
1153 4639 1345 4694 Mirum
1369 4644 1451 4693 est
1472 4640 1610 4711 quod
1633 4639 1871 4695 hocloco
1896 4639 2083 4692 asserit
2103 4639 2329 4710 primum
2343 4643 2600 4699 Herodem

273 4723 465 4794 fugisse
478 4765 492 4790 ‚
514 4730 702 4796 postea
716 4723 1029 4780 Nazaretum
1042 4763 1057 4790 ,
1079 4724 1199 4781 inde
1217 4724 1284 4779 ad
1302 4724 1620 4796 baptismum
1636 4726 1945 4792 aucensium
1970 4740 2105 4797 quae
2123 4742 2295 4799 neque
2310 4745 2432 4788 eum
2445 4745 2599 4786 evan-

2117 4829 2202 4884 F·
