3185 5219
375 1064 418 1104 p.
438 1051 527 1093 152.

383 4668 429 4711 p.
445 4653 536 4701 1⁵³.

579 362 859 419 CXXXVI

576 518 777 591 passim
800 519 1193 578 dimittebantur
1216 521 1309 594 qui
1326 521 1561 577 futuram
1583 524 1916 578 neomeniam
1939 529 1995 579 et
2025 529 2245 616 ΗΝΡ
2268 526 2650 582 «inundarent.
2696 525 2848 593 Quod
2865 527 2914 584 si

578 624 703 660 xxx.
728 606 810 661 die
832 609 981 662 testis
1001 608 1177 662 nullus
1201 623 1262 662 ac
1280 609 1577 679 speculator
1594 609 1855 676 affuisset,
1877 611 2144 665 tricesimo
2163 613 2334 683 primo
2353 614 2684 668 mmenian
2701 614 2913 669 definis-

578 693 720 745 bant.
787 694 869 748 Ita
898 693 1062 747 fiebat
1094 701 1154 748 ut
1182 695 1457 765 plenorum
1478 711 1833 766 cervorumque
1854 698 2116 751 mensium
2138 700 2401 752 successio
2425 715 2765 771 nequaquam
2791 716 2912 754 con-

562 785 763 856 staret,
785 780 879 834 sed
903 785 961 833 ut
981 781 1159 834 civiles
1181 797 1391 835 menses
1413 781 1480 834 ad
1503 779 1690 835 sideris
1712 788 1984 852 aspectum
2001 781 2365 853 dirigerentur,
2388 791 2450 839 ut
2469 800 2582 856 cap.
2599 803 2716 839 vm.
2738 786 2917 856 glossa

578 865 744 920 docet.
792 866 991 920 Deinde
1015 867 1107 937 qui
1127 868 1311 937 procul
1333 868 1402 920 ab
1425 884 1488 921 eo
1511 868 1606 921 ubi
1627 884 1924 932 consessus,
1945 869 2057 922 sive
2079 872 2176 960 ῬἿ
2211 874 2332 931 15³2
2356 876 2484 936 erat,
2507 869 2837 937 habitabant,
2857 877 2917 925 ut

578 968 640 1006 eo
664 953 852 1022 legati,
886 969 1017 1024 quos
1048 924 1298 1040 Ῥηῆυ
1318 953 1619 1018 nominant,
1653 959 1763 1007 tem
1785 954 1888 1007 cito
1911 955 2143 1026 aspirare
2165 973 2272 1010 non
2294 962 2536 1027 possent,
2571 956 2731 1012 biduo
2752 957 2918 1012 fetus

576 1038 879 1091 neomenias
911 1039 1162 1107 agebant,
1199 1038 1339 1109 quod
1370 1040 1555 1092 incerti
1587 1046 1764 1093 essent
1794 1041 2035 1110 quisnam
2059 1041 2168 1095 dies
2192 1058 2226 1094 a
2245 1043 2468 1096 ooncffio
2492 1042 2740 1097 definitus
2762 1049 2917 1098 esset

575 1124 747 1194 Atque
763 1123 863 1180 hoc
878 1123 1137 1194 hodieque
1152 1124 1330 1179 Iudaei
1346 1125 1421 1178 illi
1438 1125 1666 1191 faciunt,
1690 1126 1780 1196 qui
1802 1130 1954 1180 extra
1973 1125 2197 1182 Iudaeae
2213 1127 2348 1182 fines
2370 1126 2420 1181 ὃν
2439 1128 2688 1199 διασπορᾷ
2699 1128 2917 1199 degunt.

576 1211 653 1263 De
677 1226 781 1280 quo
805 1209 923 1263 vide
946 1226 1060 1280 cap.
1079 1229 1128 1265 v.
1152 1215 1299 1264 tract.
1320 1210 1604 1266 Kiddusch.

710 1296 823 1349 Iam
857 1297 1279 1351 intercalationes
1314 1297 1574 1351 mensium
1597 1313 1707 1351 non
1729 1303 1872 1354 certa
1893 1297 2243 1370 descriptione
2265 1299 2597 1355 conabant.
2665 1300 2919 1366 Qua-vi-

576 1384 718 1436 enim
734 1382 889 1436 tertio
908 1399 1118 1453 quoque
1140 1399 1280 1436 auno
1293 1422 1306 1448 ,
1328 1384 1412 1436 vel
1435 1383 1698 1437 interdum
1719 1384 1977 1449 secundo,
2001 1401 2265 1451 mensem,
2288 1385 2463 1456 quoad
2482 1386 2700 1451 licebat,
2723 1387 2918 1440 msere-

576 1474 720 1533 rent,
754 1474 934 1521 tamen
958 1485 1207 1539 persaepe
1231 1469 1380 1522 aliter
1402 1468 1589 1534 fiebat,
1625 1475 1679 1522 et
1711 1485 2093 1540 nonnunquam
2123 1472 2459 1525 intercalares
2494 1474 2622 1526 anni
2657 1472 2760 1526 due
2796 1489 2919 1526 con-

576 1555 933 1608 tinuabantur.
998 1553 1066 1606 Et
1088 1553 1299 1624 quidem
1320 1555 1578 1624 triplicem
1602 1570 1846 1609 caussam
1868 1555 2211 1610 intercalandi
2231 1573 2344 1628 cap.
2363 1575 2435 1611 rv.
2456 1558 2805 1612 Haimonides
2828 1575 2919 1611 ex-

576 1640 740 1710 ponit.
807 1639 984 1693 Prima
1006 1645 1089 1692 est
1110 1638 1384 1710 Tekupha,
1415 1641 1525 1694 sive
1548 1641 1704 1694 cardo
1727 1642 2044 1711 aequinoctii
2066 1642 2237 1707 verni,
2269 1643 2502 1713 quicum
2525 1644 2581 1697 in
2603 1661 2712 1700 ιη.
2735 1643 2919 1708 Nisa,

576 1731 670 1779 aut
700 1731 821 1795 post
850 1741 992 1790 eam,
1030 1725 1303 1790 incideret,
1338 1731 1451 1780 tum
1472 1726 1613 1782 Adur
1644 1726 1980 1781 intercalatus
2013 1732 2108 1781 est.
2175 1728 2356 1781 Altera
2377 1744 2568 1782 caussa
2587 1735 2696 1795 est,
2719 1730 2768 1783 si
2788 1745 2918 1784 non-

578 1813 703 1865 dum
739 1811 874 1866 Abib
910 1816 1202 1882 appeteret,
1236 1811 1336 1865 hoc
1369 1817 1451 1865 est
1522 1813 1708 1866 ecdum
1741 1812 1922 1883 fruges
1957 1828 2122 1867 novae
2156 1821 2392 1868 maturae
2427 1820 2629 1880 essent,
2670 1815 2918 1870 nimitu-

577 1902 820 1961 ''ainwa-t
856 1901 1048 1958 unm
1084 1901 1228 1986 'fn-”2
1266 1905 1488 1989 :iwpn
1569 1900 1835 1988 ῬἿἹΝ,
1875 1899 2097 1962 hordea,
2134 1918 2195 1952 ex
2225 1901 2402 1970 quibus
2430 1900 2594 1965 omer,
2626 1905 2734 1954 sive
2757 1906 2918 1954 nani·

570 1987 725 2058 putus
747 1988 1038 2054 offerretur,-
1066 1984 1205 2055 quod
1222 1984 1452 2038 secunda
1468 1983 1550 2036 die
1586 1997 1891 2053 azymorum
1920 1983 2096 2037 fiebat.
2143 1983 2320 2038 Tertia
2350 2001 2540 2040 caussa
2561 1992 2669 2052 est,
2691 2003 2815 2041 cum
2839 2003 2917 2040 ar·

578 2076 766 2127 borum
788 2072 988 2125 tructus
1009 2071 1245 2125 nondum
1266 2072 1659 2126 maturuissent.
1705 2070 1853 2123 Aliae
1873 2071 2090 2141 insuper
2113 2085 2334 2125 caussae
2355 2072 2577 2126 leviores
2600 2073 2919 2127 accedebant

579 2166 634 2212 et
654 2160 897 2213 fortuitae
923 2173 1055 2228 quae
1080 2174 1191 2229 cap.
1210 2177 1281 2211 ιν.
1304 2157 1602 2210 traduntur:
1635 2163 1694 2210 ut
1726 2158 1771 2210 si
1793 2157 1895 2209 viis
1925 2156 2279 2226 pontibusque
2307 2157 2488 2211 stactis
2512 2158 2828 2213 interclusus
2851 2159 2917 2212 ad

578 2246 773 2299 Urbem
795 2251 937 2299 esset
959 2244 1129 2298 aditus
1144 2283 1159 2308 ,
1183 2244 1229 2297 si
1251 2243 1393 2297 furni
1415 2243 1648 2297 nondum
1669 2242 1879 2307 refecti,
1902 2244 1948 2296 si
1971 2243 2183 2312 longius
2206 2242 2507 2314 deportatus
2530 2254 2673 2298 esset
2691 2245 2917 2316 populus

578 2339 632 2385 et
654 2332 759 2384 alia
780 2332 835 2384 id
857 2346 1040 2400 genus.
1087 2329 1192 2383 Sed
1216 2330 1463 2399 primaria
1482 2328 1825 2383 intercalandi
1845 2344 2037 2382 caussa
2057 2327 2311 2401 Tekupha
2329 2329 2454 2395 fnit,
2487 2335 2549 2382 ut
2576 2331 2720 2383 intra
2748 2337 2917 2386 certes

579 2418 766 2471 solaris
792 2417 916 2471 anni
939 2416 1189 2469 terminos
1224 2416 1352 2469 luna
1382 2415 1723 2478 cocrceretur,
1757 2431 1827 2467 ne
1858 2415 2081 2468 nimium
2115 2421 2424 2484 evagaretur
2457 2431 2520 2468 ao
2549 2415 2808 2470 festorum
2838 2433 2917 2470 ce-

577 2503 849 2557 lebritates
867 2503 923 2555 in
945 2503 1074 2556 alias
1098 2507 1255 2571 atque
1278 2501 1410 2554 alias
1444 2505 1782 2574 tempestates
1811 2500 2141 2564 transferret;
2174 2501 2318 2571 quod
2347 2501 2405 2554 in
2427 2500 2650 2555 Arabico
2683 2518 2825 2556 anno
2858 2518 2919 2557 ac

577 2590 749 2645 lunari
772 2590 996 2660 simplici
1020 2594 1073 2643 et
1094 2589 1268 2643 soluto
1290 2587 1550 2642 usuvenit.
1585 2586 1691 2641 Sed
1709 2603 1843 2658 quse
1860 2591 1975 2640 turn
1996 2586 2185 2641 solaris
2209 2601 2349 2641 anno
2366 2585 2643 2659 descriptio
2667 2603 2702 2642 a
2715 2587 2919 2643 Iudaeis

580 2677 854 2731 observata
887 2677 980 2741 sit,
1013 2680 1199 2746 postea
1232 2674 1561 2728 disseremus.
1626 2674 1784 2727 Porro
1808 2672 1943 2727 hanc
1967 2674 2138 2743 ipsam
2160 2673 2287 2726 anni
2307 2673 2536 2727 formam
2556 2679 2730 2728 stante
2749 2673 2918 2730 adhuc

579 2764 772 2835 templo
816 2762 1038 2817 necdum
1083 2762 1329 2833 dispersis
1372 2761 1581 2831 penitus
1625 2760 1830 2813 Iudaeis
1883 2765 2194 2829 usurpatam
2224 2775 2344 2812 esse
2372 2760 2509 2813 inter
2548 2758 2920 2819 Thai-iudices

578 2855 800 2904 constat.
871 2849 997 2902 Post
1028 2849 1209 2919 templi
1230 2848 1529 2900 vastitatem
1560 2844 1974 2917 profligatosque
2005 2861 2034 2898 e
2054 2844 2354 2901 Palaestina
2374 2844 2621 2912 Iudaeos,
2655 2862 2777 2901 cum
2813 2848 2917 2902 ian

579 2937 724 2990 nulla
747 2934 972 3003 συνέδρια
996 2939 1357 3005 superessent,
1393 2934 1557 2986 altera
1588 2938 1886 3002 temporum
1909 2931 2312 2986 ordinandorum
2336 2935 2543 2985 servata
2562 2933 2695 2986 ratio
2720 2938 2830 2999 est,
2863 2939 2920 2987 ut

580 3040 649 3077 ex
681 3023 874 3093 scripto
909 3037 969 3073 ac
1002 3020 1295 3074 mediorum
1326 3025 1564 3072 motuum
1597 3018 1788 3071 tabulis
1824 3022 2125 3071 constantes
2171 3022 2224 3070 et
2256 3022 2429 3071 certae
2461 3018 2770 3073 neomeniae
2802 3036 2919 3091 pro·

580 3114 910 3178 ponerentur,
935 3122 1003 3158 ex
1026 3106 1160 3174 cycli
1180 3104 1669 3158 decemnovennalis
1693 3102 1962 3169 methodo,
1994 3119 2152 3173 quem
2185 3107 2400 3165 ’ἾἿῘΓΙὯ
2423 3108 2616 3157 vocant
2646 3110 2702 3157 et
2732 3111 2919 3170 5525.

579 3194 676 3248 Hic
700 3198 780 3246 est
803 3208 970 3244 annus
994 3191 1079 3243 ille
1104 3190 1413 3243 Iudaeorum
1436 3189 1782 3253 novissimus,
1804 3188 1871 3241 ad
1895 3187 2093 3242 medios
2112 3189 2268 3242 lunae
2283 3193 2460 3243 motus
2477 3190 2920 3255 accommodatus,

582 3279 645 3332 de
668 3295 772 3347 quo
796 3278 973 3331 Moses
998 3293 1112 3347 cap.
1132 3293 1201 3329 vr.
1228 3281 1280 3329 et
1301 3274 1662 3344 sequentibus,
1697 3280 1808 3327 tum
1833 3279 2072 3328 accurate
2093 3274 2287 3331 Paulus
2311 3273 2736 3346 Forosempron„
2767 3277 2920 3333 Mun·

583 3370 753 3416 sterus
778 3367 832 3415 et
854 3362 1089 3431 Scaliger
1113 3361 1306 3430 aliique
1329 3361 1675 3430 disputarunt.
1747 3358 1882 3413 Cum
1912 3359 2010 3413 hoc
2041 3358 2250 3414 Iudaico
2281 3377 2422 3415 anno
2456 3360 2765 3416 coniunctas
2796 3367 2922 3417 sunt

580 3449 829 3502 feriarum
860 3448 1353 3516 noviluniorumque
1379 3447 1749 3499 translationes
1784 3454 1837 3498 et
1859 3451 2139 3499 sexcentae
2161 3445 2295 3500 aliae
2318 3461 2516 3516 nugae,
2537 3463 2778 3501 morosae
2799 3448 2921 3502 illas

582 3534 794 3606 quidem
818 3549 881 3586 ac
903 3534 1207 3604 perplexae,
1232 3533 1324 3586 sed
1343 3548 1477 3602 quae
1495 3530 1624 3587 nihil
1641 3532 1706 3584 ad
1723 3532 2021 3586 institutum
2038 3532 2323 3603 pertinent;
2346 3531 2449 3585 nisi
2465 3533 2514 3587 si
2530 3533 2655 3603 quid
2673 3532 2739 3587 de
2752 3538 2921 3588 nans-

581 3621 864 3675 lstionibus
888 3619 1227 3690 postmodum
1250 3619 1348 3672 erit
1369 3617 1651 3688 agendum.

716 3707 828 3760 Hae
852 3711 975 3758 sunt
1005 3705 1132 3759 anni
1163 3705 1303 3775 apud
1324 3703 1696 3758 Thaimudicos
1728 3704 2003 3775 scriptores
2033 3703 2233 3759 formae
2268 3703 2747 3776 descriptionesque
2767 3705 2923 3771 duas,

583 3809 805 3863 quarum
828 3792 968 3861 prior
993 3790 1184 3845 Christi
1204 3790 1525 3861 temporibus
1549 3807 1618 3843 ex
1650 3790 1861 3844 illorum
1893 3789 2138 3860 opinione
2172 3789 2440 3858 congruit,
2474 3790 2734 3860 posterior
2760 3790 2924 3861 longe

582 3885 767 3950 postea
786 3884 871 3933 est
896 3882 1118 3948 recepta.
1167 3876 1420 3941 Quocirca
1441 3892 1547 3930 non
1571 3876 1899 3929 mediocriter
1922 3876 2168 3929 aberrant
2189 3875 2282 3945 qui
2301 3891 2371 3929 ex
2393 3874 2672 3929 recentiori
2691 3873 2794 3929 hac
2814 3893 2922 3933 me·-

582 3965 740 4021 thodo
764 3963 1055 4033 mediisque
1077 3964 1234 4017 lunae
1256 3962 1486 4017 motibus
1510 3968 1689 4014 vetera
1709 3960 2022 4015 Iudaeorum
2043 3961 2210 4025 festa,
2228 3960 2506 4032 praecipue
2529 3958 2793 4031 paschatis
2807 3998 2823 4028 ,
2844 3962 2922 4015 in-

584 4052 778 4122 dagare
812 4050 1052 4113 student;
1087 4047 1226 4118 quod
1247 4046 1441 4101 Paulus
1464 4046 1857 4118 Forosempron.
1882 4047 2039 4100 anxie
2062 4046 2222 4100 nimis
2244 4052 2298 4098 et
2317 4046 2623 4117 scrupulose
2643 4046 2799 4112 facit,
2831 4048 2922 4101 lib.

585 4156 698 4192 vm.
720 4137 885 4207 partis
910 4153 966 4189 η.
1035 4133 1215 4204 Neque
1248 4133 1425 4187 minus
1457 4137 1632 4185 errant
1665 4133 1757 4202 qui
1776 4131 1945 4187 Pha-se
1966 4132 2235 4185 Iudaicum
2256 4132 2385 4185 luna
2405 4150 2514 4187 ω.
2539 4149 2614 4187 ex
2631 4131 2924 4189 mediorum

584 4230 825 4277 motuum
857 4221 1112 4275 accuratis
1146 4219 1438 4273 rationibus
1473 4218 1834 4287 adstringunt,
1880 4217 2301 4288 quandoquidem
2350 4217 2506 4273 biduo
2541 4234 2922 4289 nonnunquam

584 4315 706 4379 post
720 4308 948 4363 mediam
966 4306 1386 4360 coniunctionem
1405 4301 1545 4374 φάσις
1562 4304 1797 4357 accidere
1812 4304 1870 4357 in
1887 4303 2095 4373 politico
2113 4319 2251 4357 anno
2268 4304 2455 4373 potuit.
2491 4303 2569 4358 De
2591 4320 2697 4374 quo
2718 4310 2921 4375 postea.

718 4393 871 4448 Nune
892 4395 1034 4447 enim
1056 4392 1277 4447 alioruin
1300 4395 1421 4462 post
1436 4389 1704 4443 Hebraeos
1721 4390 2001 4458 magistros
2018 4388 2362 4459 expendenda
2383 4390 2646 4445 sententia
2665 4396 2770 4455 ost,
2795 4390 2922 4453 Sea?

583 4480 734 4550 ligeri
756 4479 1056 4548 cumprimis
1070 4516 1085 4542 ‚
1109 4478 1199 4548 qui
1219 4478 1311 4530 lib.
1334 4477 1398 4529 de
1420 4475 1637 4529 Emend.
1660 4475 1839 4544 Temp.
1859 4492 1916 4529 u.
1942 4480 1996 4527 et
2011 4474 2066 4528 in
2081 4474 2223 4544 Isag.
2243 4474 2368 4529 Can.
2391 4475 2602 4546 copiose
2623 4475 2690 4529 de
2711 4475 2923 4531 Iudaica

585 4572 695 4619 tam
720 4570 891 4618 vetere
926 4580 1087 4634 quam
1118 4563 1315 4617 recenti
1347 4561 1473 4617 anni
1505 4560 1680 4614 forms
1710 4560 1995 4630 disputavit
2027 4576 2096 4615 ex
2125 4560 2484 4615 Hebraeorum
2509 4562 2919 4617 commentariis.

585 4650 718 4718 Sed,
750 4655 811 4705 ut
843 4650 1004 4715 solet,
1038 4649 1299 4721 permulta
1326 4664 1395 4703 ex
1422 4648 1639 4717 ingenio
1663 4662 1760 4700 suo
1786 4645 2009 4700 conficta
2031 4662 2093 4703 ac
2115 4646 2249 4701 falsa
2269 4646 2575 4717 penniscet3
2608 4662 2750 4717 quae
2779 4647 2921 4714 alibi,
