3185 5219
2402 399 2592 457 XXXI

390 551 483 605 Καὶ
507 554 803 622 γυναικικῶν
824 550 1074 624 ἱματίων.]
1138 554 1460 625 Magnopere
1480 553 1801 620 mirandum,
1826 554 2050 611 simodo
2073 570 2255 610 verum
2275 560 2382 621 est,
2404 555 2590 609 mulie·
2640 568 2682 608 1>-
2700 555 2762 597 34-

267 637 434 691 bribus
467 639 696 709 palliolis
730 654 854 692 usos
887 655 1002 693 esse
1023 638 1346 695 Pharisaeos·
1415 640 1565 704 Quod
1587 641 1850 710 sequitur,
1873 638 1923 693 ἐν
1947 640 2219 706 πλατείαις,
2243 643 2349 702 ταῖς
2373 645 2588 712 κρηπῖσι,

262 724 389 776 latas
412 723 627 778 eosdem
660 724 896 795 crepidas
930 724 1176 779 habuisse
1199 725 1488 796 significat,
1518 742 1618 780 nec
1641 727 1792 779 aliter
1815 726 2110 780 Comarius.
2167 725 2390 790 Quidam
2412 734 2590 781 tamen

261 808 332 862 ita
352 809 721 879 corrigendum
740 816 940 881 putant,
962 807 1012 862 ἐν
1036 809 1303 881 πλατείαις,
1327 809 1375 864 ἐν
1398 814 1504 873 ταῖς
1529 814 1746 881 κρηπῖσι,
1771 811 1852 864 καὶ
1869 811 2129 882 γλώτταις,
2155 818 2253 866 otc.
2292 812 2368 866 Ac
2387 814 2589 883 plateas

260 894 582 965 uitelligunt,
606 896 663 949 in
688 896 877 966 quibus
902 899 1237 952 ostentabant
1257 914 1314 951 se
1335 895 1616 951 Pharisaei.
1671 897 1785 967 Ego
1807 896 1936 951 nihil
1958 897 2313 953 innovandum
2334 914 2540 955 censeo.

392 979 556 1053 Φάρος
578 980 676 1052 γὰρ
698 978 827 1033 κατὰ
847 980 933 1049 τὴν
952 978 1248 1053 Ἐβραΐδα.].
1283 983 1413 1055 Reg.
1440 983 1606 1037 codex
1631 983 1785 1054 φέρεις,
1807 983 1959 1054 quasi
1980 984 2051 1037 sit
2073 982 2221 1053 φέρις,
2244 989 2298 1037 et
2312 981 2590 1055 legendum

259 1066 328 1121 sit
348 1063 700 1137 ἀφωρισμένος.
770 1068 1080 1138 Quanquam
1101 1066 1372 1141 ἀφορισμος
1402 1085 1485 1123 res
1518 1075 1600 1122 est
1630 1069 1748 1139 ipsa
1778 1085 1937 1139 quam
1967 1069 2278 1123 vocabulum
2300 1070 2588 1140 significan

259 1168 363 1206 nou
386 1156 449 1206 ut
470 1152 528 1204 τὸ
553 1150 700 1223 φάρες
724 1154 807 1206 vel
830 1153 965 1225 φέρεις
987 1155 1218 1224 praecise
1242 1155 1313 1209 sit
1336 1156 1542 1209 verbale
1566 1154 1957 1210 substantivum
1977 1151 2214 1226 ἐνέργειαν
2238 1172 2450 1210 sonans.
2498 1155 2591 1209 Est

259 1238 399 1293 euim
419 1238 596 1309 potius
618 1250 890 1310 separatus
915 1255 1073 1310 quam
1091 1245 1372 1311 separatio.

392 1316 512 1376 Οῖον
542 1322 681 1390 ἥλιος
715 1322 849 1395 ’ligia
872 1324 954 1377 καὶ
977 1324 1159 1395 σέμις.]
1226 1325 1306 1379 De
1336 1326 1419 1379 his
1440 1327 1795 1383 Hebraeorum
1826 1324 2260 1397 appellationibus
2288 1326 2402 1397 agit
2423 1325 2590 1381 erudi-

256 1409 496 1463 tissimus
520 1408 785 1464 Serrarius
807 1416 985 1465 noster
1006 1412 1041 1465 1.
1067 1429 1101 1465 1.
1126 1411 1188 1466 de
1210 1412 1399 1466 Tribus
1423 1412 1594 1466 Sectis
1617 1430 1660 1467 c.
1685 1430 1759 1477 11„
1784 1418 1837 1466 et
1858 1412 1914 1465 in
1935 1412 2208 1466 Minervali
2228 1411 2319 1465 lib.
2344 1429 2411 1465 ιν.
2437 1428 2483 1468 e.
2511 1430 2589 1468 m.

254 1494 332 1549 Ea
353 1495 431 1548 sic
451 1496 705 1550 Hebraico
728 1496 1067 1568 concipienda
1087 1504 1234 1550 sunt:
1278 1502 1445 1561 ,ἾὯΠ
1472 1500 1554 1553 vel
1574 1505 1779 1560 mua:
1805 1504 1928 1559 ²¹1¹ss
1951 1498 2035 1550 vel
2059 1468 2317 1569 5:255.
2356 1496 2591 1553 Duorum

254 1582 587 1652 sequentium
604 1582 833 1648 nomina,
858 1582 997 1653 quod
1015 1599 1197 1637 eorum
1216 1583 1362 1654 origo
1386 1584 1456 1637 sit
1475 1585 1690 1648 incerta,
1714 1600 1820 1637 non
1843 1584 1970 1637 satis
1994 1580 2348 1652 ἑξεβραΐζεσθαι
2371 1590 2589 1653 queunt:

256 1664 437 1737 Χωχὶβ
470 1663 710 1738 Ὀκμὼλ,
742 1674 796 1722 et
822 1665 1002 1738 Χωχὲβ
1037 1666 1254 1740 Ὂχμόδ.
1313 1669 1545 1735 Quorum
1577 1670 1723 1742 prius
1756 1666 1969 1739 Ὀκμὼλ
1999 1668 2133 1723 forte
2167 1684 2199 1721 a
2230 1638 2334 1737 572
2393 1707 2409 1735 ,
2451 1668 2591 1740 quod

121 1766 139 1786 ·
257 1757 339 1804 est
388 1752 683 1819 succidere,
736 1753 959 1807 alterum
1014 1770 1047 1807 a
1116 1758 1270 1817 '77:1¹3
1340 1755 1480 1825 quod
1533 1761 1617 1809 est
1668 1754 2061 1826 concupiscere,
2128 1754 2253 1825 quia
2361 1755 2590 1808 ercurius

254 1836 578 1893 lucriouibus
631 1845 686 1893 et
734 1840 1148 1910 negotiatoribus
1205 1846 1451 1911 quaestus
1507 1840 1821 1895 avidissimis
1880 1840 2155 1911 praesidet.
2257 1839 2393 1894 Nam
2450 1840 2591 1911 quod

256 1922 495 1995 Scaliger
528 1924 713 1979 Ocmol
742 1925 809 1979 ad
833 1924 1133 1990 Gamalam,
1212 1926 1265 1979 ui
1305 1927 1361 1980 in
1401 1928 1566 1981 veteri
1608 1926 1942 1998 inscriptione
1986 1931 2162 1991 extat,
2203 1927 2458 1997 pertinere
2504 1925 2590 1979 de-

258 2008 447 2075 fendit,
494 2027 603 2065 non
642 2012 848 2082 probat.
917 2011 1162 2082 Sequitur
1252 2016 1345 2077 372
1389 2018 1582 2078 2522,
1628 2012 1843 2066 Veneris
1877 2012 2030 2067 stella
2062 2011 2268 2082 σερούα,
2301 2014 2385 2066 vel
2417 2010 2591 2079 λουήδ.

254 2092 401 2148 Prior
430 2110 539 2149 vox
573 2113 608 2149 a
639 2102 783 2162 γῆς,
830 2103 889 2150 ut
920 2097 959 2151 S
993 2097 1154 2152 rrario
1189 2098 1364 2152 visum
1399 2105 1502 2164 est,
1536 2097 1758 2152 deducta
1796 2098 1948 2168 quasi
1980 2103 2158 2163 ἳἾἾῖς
2189 2098 2526 2168 posteriorem
2559 2114 2592 2151 a

259 2150 371 2252 'lb'
395 2181 605 2247 malim,
628 2199 787 2253 quam
809 2199 844 2236 a
866 2187 979 2246 tan
1029 2223 1042 2236 .
1104 2182 1241 2237 Nam
1263 2189 1317 2237 et
1336 2184 1540 2253 Assyrii
1561 2181 1853 2254 Ἀφροδίτην
1877 2178 2128 2249 Μύλιττα,
2161 2183 2362 2236 Arabes
2394 2181 2591 2235 Ἀλίττα

261 2274 643 2338 nuncuparunt.
709 2269 874 2323 Autor
918 2268 1207 2323 Herodotus
1241 2268 1379 2335 Cli03
1420 2240 1730 2339 ΝΠἾΒἾὯ»
1770 2267 1804 2336 ἦ
1838 2268 2090 2339 γενέτειρα.
2149 2268 2386 2341 Denique
2421 2276 2590 2332 2:5³

262 2357 419 2414 nam
453 2353 665 2407 sabbati
685 2355 838 2408 stella
859 2362 997 2409 recte
1021 2354 1277 2409 Saturnus
1302 2354 1499 2409 dicitur.

392 2435 554 2491 Ἀλλὰ
576 2438 657 2490 καὶ
674 2439 736 2492 τὰ
759 2440 976 2511 ματαίως
995 2441 1327 2510 venatoriam]
1370 2440 1566 2494 Vellem
1590 2442 1779 2495 clarius
1803 2440 1930 2494 haec
1951 2441 2068 2512 ipsa
2090 2443 2312 2512 στοιχεῖα
2334 2441 2590 2496 declaras·

261 2529 354 2577 set.
399 2523 537 2578 Nam
562 2525 710 2578 valde
734 2532 815 2580 est
836 2526 1115 2581 obscurum
1138 2526 1398 2596 quomodo
1422 2526 1523 2579 XII
1545 2526 1674 2580 haec
1697 2528 1980 2598 Signorum
2002 2527 2257 2580 vocabula
2288 2524 2350 2588 εἰς
2385 2525 2589 2598 ἇριθμὴν

262 2608 519 2682 στοιχείων
550 2613 846 2683 νομιζόμενα
879 2613 1131 2668 dicantur.
1175 2614 1259 2666 An
1293 2611 1393 2667 hoc
1425 2613 1612 2678 voluit,
1634 2612 1764 2668 haec
1788 2630 1824 2667 a
1843 2613 2126 2684 gentilibus
2147 2615 2295 2668 velut
2314 2615 2589 2681 elementa,

260 2702 311 2750 et
330 2695 653 2767 στοιχειώδη,
677 2699 763 2752 vel
785 2698 1056 2769 συνέχοντα
1086 2704 1173 2752 τοῦ
1206 2695 1509 2768 ἀνθρωπίνου
1546 2698 1654 2767 βίου
1689 2715 1805 2753 esse
1839 2700 2152 2752 constituta?
2217 2700 2301 2752 An
2331 2698 2385 2753 id
2413 2701 2588 2770 potius

262 2782 396 2852 quod
426 2783 855 2854 interpretatione
886 2790 1066 2839 nostra
1095 2785 1451 2856 expressimus
1465 2791 1489 2837 ἰ’
1550 2783 1686 2838 Nam
1725 2785 1893 2855 Signa
1921 2783 2136 2837 zodiaci
2174 2783 2474 2838 dividuntur
2505 2785 2588 2839 vel

260 2869 381 2921 κατὰ
404 2865 690 2939 διάμετρον,
713 2869 799 2924 vel
821 2866 946 2922 κατὰ
967 2870 1204 2942 τρίγωνον
1218 2910 1234 2940 ,
1256 2871 1341 2924 vel
1364 2868 1489 2922 κατὰ
1512 2867 1844 2939 τετράγωνονς
1868 2870 1931 2923 de
1955 2870 2143 2940 quibus
2164 2868 2414 2924 Geminus
2437 2888 2487 2941 p.
2506 2871 2588 2924 21.

257 2953 336 3008 Ex
350 2955 419 3009 iis
439 2955 826 3026 partitionibus,
848 2955 1079 3010 secunda
1099 2972 1234 3026 quae
1253 2961 1336 3009 est
1356 2950 1484 3007 κατὰ
1504 2955 1762 3026 τρίγωνον,
1786 2955 2154 3025 quadrifariam
2175 2954 2486 3026 signiferum
2508 2973 2588 3010 or·

258 3040 374 3095 bem
405 3039 616 3095 dividit:
656 3040 884 3111 primum
913 3048 1246 3112 segmentum
1278 3041 1486 3096 boreale
1515 3040 1728 3106 dicitur,
1766 3041 2054 3095 secundum
2084 3041 2335 3108 australe,
2376 3043 2590 3097 tertium

256 3125 612 3198 zephyricum,
637 3133 884 3196 quartum
904 3128 1264 3183 subsolanum.
1322 3127 1464 3192 Quae
1489 3127 1700 3197 quidem
1721 3126 1789 3180 ad
1810 3127 2133 3192 nativitates,
2167 3124 2464 3198 συμπάθειας
2487 3130 2587 3182 τῶν

258 3211 503 3282 γενέσεων,
527 3229 563 3266 a
583 3210 922 3284 genethliacis
945 3213 1416 3279 accommodantur,
1441 3219 1493 3267 et
1515 3213 1589 3266 ait
1615 3211 1890 3272 Geminus:
1916 3212 2056 3284 quod
2077 3213 2132 3266 in
2155 3214 2309 3268 certis
2326 3214 2585 3268 sideribus

256 3304 437 3352 mutua
459 3297 720 3369 quaedam
743 3300 1018 3353 consensio
1041 3307 1095 3353 et
1115 3300 1433 3370 conspiratio
1455 3299 1630 3353 inesse
1655 3299 1904 3354 credatur.
1971 3298 2166 3352 Eadem
2195 3301 2287 3354 illa
2316 3306 2590 3371 segmenta

258 3385 359 3438 suis
376 3399 621 3455 quaeque
638 3384 907 3438 elementis
924 3385 1275 3455 assignarunt.
1309 3384 1452 3449 Quae
1471 3386 1649 3439 omnia
1664 3386 1720 3439 in
1736 3381 1835 3440 hoc
1854 3384 2229 3456 diagrammate
2245 3387 2435 3440 intueri
2450 3388 2587 3442 licet.

1042 3522 1236 3579 Νότιον.
1423 3506 1432 3606 Ι
1997 3511 2005 3609 fl

344 3521 545 3593 Βόρειον
580 3520 768 3592 τμήμα.
849 3504 859 3606 Ι
1574 3521 1852 3592 Ζεφυρικόν.
2107 3520 2479 3593 Ἀφηλιωτικόν.

460 3641 640 3712 Ignis
1043 3642 1242 3696 Terra
1658 3642 1782 3697 Aet
2203 3645 2385 3714 Aqua

287 3710 433 3764 Aries
759 3718 813 3769 Υ
881 3711 1083 3765 Taurus
1336 3720 1385 3774 ’ὅ
1458 3710 1668 3765 Gemini
1900 3720 1973 3768 Π
2031 3710 2227 3766 Cancer
2476 3721 2547 3774 ᾧ

286 3777 390 3832 Leo
758 3786 811 3841 Ω
880 3780 1042 3850 vitgo
1329 3789 1391 3842 m
1452 3779 1614 3833 Libra
1898 3791 1974 3836 *Δ
2031 3780 2276 3852 Scorpius
2473 3789 2546 3842 m>

288 3846 602 3918 Sagittarius
764 3855 809 3907 ,ἲ
880 3848 1222 3919 Capricornus
1337 3854 1384 3909 z
1455 3848 1716 3918 Aquarius
1903 3864 1972 3904 a:
2029 3849 2204 3902 Pisces
2484 3857 2533 3910 )(

382 3984 465 4038 Ad
499 3983 639 4038 hunc
668 3984 846 4055 itaque
880 4000 1094 4039 sensum
1127 3985 1400 4040 duodecim
1431 3987 1589 4055 signa
1621 4002 1714 4055 pro
1750 3986 2125 4040 elementorum
2156 4001 2374 4039 numero
2397 3985 2589 4055 partita

255 4071 433 4124 scribit
450 4068 793 4141 Epiphanius.
848 4070 962 4124 Iam
992 4068 1121 4125 haec
1144 4072 1305 4125 verba
1335 4068 1367 4121 ἃ
1391 4068 1546 4132 ζώδια
1570 4068 1808 4125 καλοῦσι..
1841 4071 2120 4126 Gomarius
2151 4071 2229 4124 ita
2249 4070 2424 4134 vertit:
2457 4088 2586 4139 quae

255 4158 508 4210 animalia
530 4167 731 4211 vocant.
789 4155 872 4211 Ex
905 4173 1008 4226 quo
1041 4173 1286 4211 manasse
1319 4162 1446 4228 puto
1479 4162 1541 4211 ut
1569 4157 1670 4210 viri
1703 4156 1916 4226 quidam
1938 4157 2127 4211 eruditi
2146 4156 2449 4226 scripserint
2466 4154 2589 4226 Epi·
2639 4178 2681 4218 p.
2699 4168 2761 4211 35.

251 4240 503 4311 phanium
534 4241 728 4295 referre
760 4240 1067 4296 Pharisaeos
1101 4248 1246 4296 astra
1276 4243 1410 4296 coeli
1442 4242 1674 4296 animata
1703 4243 2059 4308 constituisse,
2100 4242 2198 4295 bac
2235 4243 2354 4311 ipsa
2383 4239 2589 4296 haeresi

252 4345 365 4394 xvi,
399 4327 543 4399 quod
563 4328 619 4381 in
642 4327 942 4381 Ecclesiast.
963 4328 1150 4383 Annal.
1175 4327 1240 4381 ad
1264 4344 1312 4381 a.
1343 4344 1461 4383 ccx.
1496 4328 1703 4398 legitur.
1763 4327 1867 4382 Sed
1898 4328 1952 4381 id
1973 4343 2123 4382 secus
2146 4343 2202 4380 se
2223 4326 2397 4382 habet.
2451 4327 2586 4382 Nam

251 4429 315 4466 ne
335 4414 489 4467 litera
507 4412 609 4468 hoc
634 4413 846 4484 quidem
866 4414 976 4467 ulla
997 4413 1315 4484 significavit
1334 4412 1671 4484 Epiphanius.
1729 4412 1834 4466 Sed
1865 4411 1965 4466 hoc
1987 4429 2154 4465 unum
2176 4411 2377 4478 docuit,
2407 4412 2586 4468 Phari-

252 4515 401 4553 saeos
423 4499 743 4554 coelestibus
762 4499 931 4569 signis
953 4515 1015 4554 ac
1036 4499 1293 4554 sideribus
1308 4505 1451 4554 certa
1464 4498 1712 4553 indidisse
1729 4499 1958 4562 nomina,
1980 4514 2114 4569 quae
2129 4498 2238 4552 fere
2256 4515 2289 4552 a
2304 4500 2589 4570 gentilibus

252 4587 663 4657 usurpabantur,
693 4585 929 4639 maxime
960 4584 1212 4640 duodenis
1242 4585 1348 4640 illis
1377 4585 1544 4655 siguis
1578 4601 1712 4655 quae
1743 4584 1901 4654 vulgo
1926 4582 2081 4645 ζώδια
2104 4591 2368 4639 vocantur.
2414 4585 2586 4649 Quare

250 4687 344 4727 uos
365 4671 732 4744 ambiguitatis
754 4670 1017 4727 cavendae
1040 4672 1212 4742 gratia
1232 4673 1384 4726 zodia
1406 4686 1566 4742 quam
1601 4671 1852 4724 animalia
1875 4676 2073 4725 vertere
2093 4671 2391 4728 maluimus.
2448 4670 2584 4726 Nam
