3185 5219
261 564 397 618 ditae
418 577 656 631 nocua,
691 563 918 636 Augusti
939 582 1071 632 xrs„
1109 566 1315 637 olymp.
1340 580 1514 621 oxcrv.
1551 580 1690 619 anno
1727 566 1877 620 tertio
1911 573 2094 622 natum
2131 582 2245 620 esse
2279 567 2591 621 salvatorem

259 651 457 716 scribit,
484 650 667 708 indict.
688 669 757 706 rv.
827 651 929 706 Ubi
958 653 1081 706 licet
1110 651 1322 705 indictio
1356 667 1631 722 perperam
1654 651 1914 723 adscripta
1948 653 2045 717 sit,
2071 669 2212 723 ,quae
2235 653 2385 707 tertio
2413 669 2589 710 cxcrv.

260 737 465 808 olymp.
491 753 656 803 anno,
692 742 745 791 et
766 735 919 790 Urbis
943 752 1143 792 nccnn.
1158 777 1171 803 ,
1202 738 1356 790 tertia
1380 753 1494 790 esse
1519 736 1720 803 debuit,
1744 743 1921 791 tamen
1946 753 1976 790 a
1997 738 2204 808 vulgari
2227 737 2415 794 Christi
2439 756 2590 793 aerae

258 839 359 876 uno
396 822 659 876 duntaxat
689 839 827 876 anno
862 838 1042 876 revera
1075 821 1312 888 dissidet,
1348 839 1417 876 ex
1448 822 1674 875 Mariani
1707 839 1828 875 vero
1863 823 2101 876 instituto
2136 839 2256 876 cum
2290 825 2470 879 eadem
2501 827 2592 878 illa

258 909 599 964 connectitur.
646 906 859 962 Falsum
882 911 963 961 est
982 909 1160 978 itaque
1184 925 1299 961 xxrr
1322 922 1486 961 annos
1517 908 1571 960 in
1596 907 1918 978 Dionysiano
1952 910 2097 977 cyclo
2132 908 2436 976 desiderari,
2469 926 2590 964 cum

256 999 461 1065 praeter
486 1010 549 1047 ea
572 1009 705 1065 quae
728 994 959 1049 diximus
982 995 1149 1048 multa
1170 993 1275 1048 alia
1297 993 1406 1047 sint
1426 1008 1561 1064 quae
1584 1010 1652 1047 ex
1678 995 1980 1063 evangelica
2001 993 2220 1048 historia
2251 1011 2371 1048 cum
2395 995 2591 1050 domini

259 1087 373 1135 ortu
396 1081 669 1150 implicata
691 1085 744 1133 et
766 1082 1041 1134 coniuncta
1061 1084 1266 1133 constat
1287 1095 1421 1134 esse.
1466 1079 1624 1133 Velut
1645 1080 1869 1148 Augusti
1883 1120 1897 1145 ,
1930 1079 2175 1146 Herodis,
2199 1080 2352 1133 Pilati
2375 1081 2590 1133 Tiberii-

261 1181 361 1236 que
379 1171 648 1236 tempora3
682 1181 819 1236 quae
847 1166 1025 1220 omnia
1045 1164 1321 1219 cohaerere
1340 1172 1635 1235 nequeunt,
1667 1165 1714 1217 si
1734 1170 1843 1218 tam
1867 1166 2114 1219 immanis
2133 1164 2309 1219 hiatus
2332 1166 2590 1220 admissus

256 1251 436 1317 fuerit,
459 1256 619 1322 atque
641 1252 697 1305 in
720 1252 981 1306 anteriora
1002 1268 1117 1306 xxrr
1140 1251 1291 1304 annis
1315 1250 1670 1321 promovenda
1694 1250 1886 1304 Christi
1908 1251 2154 1304 nativitas
2172 1251 2422 1306 videatur.
2455 1252 2590 1305 Nam

256 1342 315 1390 ut
334 1337 395 1391 in
428 1352 555 1390 aera
578 1336 871 1391 Christiana
900 1336 1056 1402 nihil,
1091 1338 1145 1390 in
1181 1337 1447 1406 cyclorum
1482 1351 1604 1391 vero
1640 1336 1896 1407 dispositu
1929 1336 2236 1391 mutandum
2270 1336 2467 1408 aliquid
2503 1336 2592 1389 isti

257 1423 583 1489 censuerint,
611 1421 741 1476 nihil
775 1422 842 1476 ad
874 1438 985 1476 rem
1017 1423 1254 1493 pertinet.
1299 1422 1517 1476 Manent
1547 1422 1688 1476 enim
1709 1423 2097 1476 noviluniorum
2120 1424 2218 1476 rati
2240 1439 2301 1475 ac
2324 1423 2592 1476 constituti

255 1507 596 1563 nihilominus
616 1508 742 1573 dies,
767 1524 1104 1579 quoscunque
1120 1507 1330 1561 tandem
1349 1509 1525 1577 cyclos
1546 1508 1918 1562 accomodaris.
1953 1507 2024 1560 Ut
2039 1524 2194 1574 anno,
2216 1508 2362 1562 verbi
2385 1524 2588 1573 caussa,

256 1593 451 1648 Christi
472 1611 594 1659 xm,
630 1594 740 1648 sive
762 1594 965 1664 cyclum
988 1595 1144 1647 lunae
1167 1610 1311 1658 xm„
1344 1593 1469 1646 solis
1493 1611 1629 1657 xxx„
1665 1593 1921 1663 applices,
1955 1593 2065 1646 sive
2096 1594 2257 1647 alium
2290 1594 2588 1665 quemlibet,

258 1680 537 1733 neomenia
564 1680 742 1733 Martii
764 1697 886 1743 ιιι,
918 1679 1262 1749 plenilunium
1284 1696 1428 1732 xxvi.
1465 1679 1821 1732 committitur.
1888 1679 2041 1731 Anno
2075 1695 2197 1732 vero
2229 1695 2416 1733 xxxm.
2444 1680 2589 1733 novi-

254 1766 461 1819 lunium
484 1783 595 1821 xrx.
617 1766 701 1818 vel
721 1783 809 1818 xx.
832 1765 1008 1818 Martii
1024 1806 1038 1831 ,
1072 1764 1415 1835 plenilunium
1448 1765 1569 1834 Apr.
1595 1782 1652 1818 rr.
1675 1766 1761 1818 vel
1779 1781 1861 1818 m.
1908 1762 2056 1817 Unde
2090 1764 2472 1835 quantumlibet
2502 1782 2588 1835 cy-

260 1851 458 1904 clorum
481 1850 715 1904 ordinem
736 1854 1078 1915 commutent,
1113 1866 1380 1920 nunquam
1408 1855 1587 1903 tamen
1607 1849 1880 1919 perficient
1898 1855 1960 1902 ut
1979 1865 2119 1903 anno
2137 1850 2231 1905 illo
2245 1889 2260 1914 ,
2295 1867 2451 1921 quem
2472 1867 2587 1922 pas-

260 1937 397 1990 sioni
431 1935 723 1990 dominicae
754 1935 1079 2007 praefigunt,
1109 1936 1238 1989 luna
1258 1954 1346 1990 xv.
1381 1936 1436 1989 in
1468 1935 1648 1989 Martii
1669 1951 1790 1988 xxv.
1811 1935 2030 2001 incidat,
2063 1935 2246 1988 seriam
2263 1955 2334 1990 vr.
2379 1937 2592 1990 Accedit

258 2022 397 2092 quod
432 2022 533 2075 etsi
566 2022 911 2075 concedamus
944 2021 1049 2074 illis
1084 2022 1283 2086 omnia,
1328 2020 1427 2074 hoc
1458 2022 1634 2091 ipsum
1665 2025 1870 2085 tamen,
1911 2020 2050 2090 quod
2088 2022 2317 2075 maxime
2357 2023 2587 2093 cupiunt,

258 2106 421 2161 nihilo
455 2108 627 2178 magis
661 2113 1001 2178 assequentur
1034 2109 1114 2160 uti
1145 2107 1268 2160 luna
1290 2123 1376 2162 xv.
1404 2105 1641 2160 Christus
1676 2108 1746 2160 sit
1775 2123 1982 2177 passus.
2056 2106 2255 2177 Quippe
2281 2123 2418 2161 anno
2444 2107 2587 2162 Chri-

258 2194 461 2247 stianae
501 2208 653 2247 aerae
685 2211 780 2247 ιη.
814 2192 1141 2246 novilunium
1180 2191 1317 2263 apud
1356 2191 1576 2245 Iudaeos
1619 2196 1671 2244 et
1710 2194 1763 2245 in
1795 2192 2265 2261 Hierosolymitano
2299 2193 2586 2247 meridiano

258 2280 436 2334 Martii
456 2297 551 2332 ιη.
575 2279 844 2350 congruit,
867 2279 998 2331 feria
1020 2297 1111 2334 vn.
1180 2278 1374 2332 Passus
1411 2283 1493 2331 est
1521 2284 1700 2332 autem
1723 2276 1957 2332 Christus
1979 2278 2111 2331 seria
2133 2296 2204 2333 vr.
2275 2280 2440 2348 Igitur
2461 2280 2590 2333 luna

260 2383 364 2420 xrv.
378 2405 393 2430 ,
417 2368 472 2418 et
486 2365 666 2418 Martii
684 2381 831 2428 xxv„
855 2381 962 2418 non
985 2365 1111 2418 luna
1126 2381 1238 2428 xv.,
1263 2379 1431 2435 neque
1454 2363 1755 2435 plenilunio.
1791 2362 1907 2427 Qua
1929 2365 1985 2417 in
2006 2379 2062 2416 re
2078 2362 2224 2417 Beda
2246 2365 2584 2434 castigandus

260 2456 359 2515 est,
394 2455 457 2503 ut
486 2450 763 2522 aliquoties
798 2450 932 2515 dixi,
969 2450 1058 2520 qul
1088 2449 1177 2502 lib.
1204 2449 1265 2503 de
1288 2449 1408 2505 Rat.
1433 2450 1615 2520 Temp.
1643 2466 1758 2521 cap.
1778 2467 1900 2506 xnv.
1925 2465 2139 2520 passum
2171 2465 2288 2503 esse
2322 2449 2586 2504 Christum

259 2536 415 2590 refert
435 2553 550 2590 vm.
574 2535 688 2589 Kal.
715 2538 835 2607 Apr.
868 2537 994 2589 luna
1016 2553 1126 2600 xv.,
1162 2551 1298 2589 anno
1335 2551 1486 2589 aerae
1519 2535 1871 2606 Dionysianae
1892 2553 2073 2590 xxxiv.
2140 2535 2249 2589 Nec
2279 2537 2454 2589 minus
2477 2535 2587 2588 hal·

260 2623 475 2678 lucinati
496 2628 623 2676 sunt
645 2623 734 2693 qui
757 2622 938 2676 eodem
962 2639 1129 2687 anno,
1160 2623 1288 2677 luna
1309 2640 1397 2678 xv.
1421 2639 1561 2677 nono
1595 2622 1709 2678 Kal.
1729 2624 1852 2693 Apr.
1884 2639 2101 2692 passum
2141 2622 2430 2687 affirmant,
2459 2638 2586 2674 con·

261 2710 363 2763 cilii
387 2708 737 2763 Caesariensis
758 2707 889 2773 fide;
913 2708 976 2761 de
1001 2724 1102 2778 quo
1128 2709 1283 2778 paulo
1306 2714 1427 2779 post
1449 2714 1649 2778 agetur.
1687 2706 1821 2762 Nam
1846 2708 2058 2762 omnino
2081 2709 2424 2779 plenilunium
2449 2723 2584 2762 anno

259 2794 449 2849 Christi
472 2811 652 2849 xxxxv.
680 2794 880 2847 decimo
902 2793 1017 2848 Kal.
1041 2794 1277 2864 contigit.

391 2878 716 2952 Quapropter
739 2879 843 2934 duo
867 2886 1015 2945 sunt,
1052 2895 1185 2949 quae
1214 2879 1417 2933 mediae
1441 2879 1626 2932 aetatis
1651 2878 1982 2949 chronologis
2009 2893 2214 2933 crucem
2237 2879 2292 2932 in
2315 2880 2406 2932 illa
2429 2895 2584 2949 quae-

259 2967 428 3020 stione
450 2964 704 3019 fixerunt:
728 2967 955 3036 primum
979 2965 1119 3036 quod
1142 2982 1249 3019 non
1273 2964 1568 3018 dubitarent
1590 2965 1809 3021 Iudaeos
1831 2965 2029 3037 pascha
2051 2965 2176 3018 luna
2197 2983 2283 3018 xv.
2308 2966 2584 3029 celebrare,

260 3068 319 3105 ac
341 3054 553 3105 lunares
575 3056 750 3105 motus
774 3057 826 3105 et
848 3051 1058 3122 quidem
1080 3050 1500 3104 accuratissimos
1525 3050 1857 3117 observasse,
1880 3052 2126 3117 alterum,
2158 3051 2295 3121 quod
2319 3051 2372 3104 id
2393 3051 2583 3105 Martio

256 3153 438 3191 mense
470 3137 686 3207 eiusque
717 3137 801 3191 die
830 3154 952 3193 xxv.
990 3136 1243 3191 accidisse
1275 3137 1493 3203 vellent,
1522 3137 1657 3191 feria
1685 3155 1756 3191 vr.
1843 3136 1947 3191 Sed
1979 3138 2292 3191 recentiores
2324 3137 2584 3208 iidemque

258 3224 324 3277 ab
358 3223 602 3279 omnibus
636 3221 986 3277 doctrinarum
1017 3224 1278 3288 omnium,
1310 3224 1617 3293 praesertim
1646 3222 2127 3279 mathematicarum
2141 3263 2156 3289 ‚
2189 3224 2459 3294 praesidiis
2493 3241 2583 3295 pa-

256 3310 470 3363 ratiores
495 3306 818 3379 chronologi,
851 3322 972 3362 cnm
994 3308 1120 3363 baec
1143 3325 1330 3380 parum
1352 3325 1470 3363 esse
1493 3315 1843 3364 consentanea
1863 3310 2119 3373 viderent,
2150 3310 2294 3381 prius
2317 3310 2447 3363 illud
2471 3310 2582 3380 qui-

256 3396 376 3449 dem
399 3394 462 3448 de
485 3394 658 3448 lunari
677 3400 824 3448 motu
845 3399 1138 3460 tenuerunt,
1160 3394 1419 3466 posterius
1436 3412 1558 3450 vero
1581 3395 1645 3450 de
1667 3413 1848 3451 mense
1866 3411 1926 3450 ac
1951 3396 2033 3450 die
2056 3411 2389 3467 nequaquam
2418 3398 2584 3451 secuti

257 3488 392 3535 sunt.
440 3479 523 3533 Ex
547 3497 652 3552 quo
674 3480 873 3534 factum
898 3486 977 3534 est
998 3481 1133 3533 utin
1157 3496 1295 3535 anno
1318 3482 1579 3552 passionis
1602 3478 1900 3552 indagando
1923 3482 2195 3554 plenilunii
2219 3498 2337 3535 cum
2361 3501 2428 3535 vr.
2453 3483 2583 3535 feria

257 3566 611 3621 convenientis
632 3566 889 3619 rationem
917 3566 1207 3620 habendam
1241 3583 1355 3620 esse
1388 3562 1648 3621 duxerint.
1714 3567 1905 3621 Paulus
1929 3584 2051 3621 vero
2074 3567 2468 3637 Forosempron.
2491 3568 2579 3621 lib.

258 3671 344 3708 vn.
371 3646 536 3723 partis
556 3669 613 3706 ιι.
636 3668 893 3706 annornm
910 3670 1015 3717 ιιι,
1035 3651 1136 3706 hoo
1156 3656 1238 3706 est
1259 3668 1293 3706 a
1314 3668 1439 3706 ιιι.
1464 3652 1658 3707 Christi
1679 3654 1747 3705 ad
1764 3670 1876 3717 xr..‚
1899 3654 2168 3707 novilunia
2188 3653 2578 3722 pleniluniaque

255 3738 550 3810 proposuit,
578 3742 692 3791 tam
723 3737 896 3791 media
923 3754 1081 3809 quam
1101 3753 1242 3791 vera.
1289 3738 1369 3792 Ex
1395 3739 1581 3808 quibus
1606 3754 1706 3792 sex
1727 3738 1986 3792 duntaxat
2005 3738 2090 3793 hic
2114 3738 2469 3791 adscribemus
2483 3777 2496 3801 ,
2521 3743 2580 3789 ut

257 3825 581 3895 quaestionis
614 3825 1096 3894 controversiaeque
1127 3829 1293 3878 status
1325 3824 1577 3878 lectorum
1609 3824 1776 3878 oeulis
1804 3825 2125 3890 subiiciatur,
2157 3825 2224 3877 ab
2258 3839 2395 3876 anno
2428 3838 2576 3875 aerae

255 3928 399 3969 xxxx.
421 3910 491 3965 ad
512 3924 719 3976 mvn,
745 3909 882 3981 quod
906 3910 959 3963 in
981 3909 1167 3965 horum
1189 3924 1446 3965 annorum
1468 3910 1644 3981 aliquo
1669 3909 1860 3965 Christi
1879 3910 2058 3980 passio
2081 3907 2386 3972 collocanda
2407 3908 2491 3961 sit.

2636 3066 2678 3104 p.
2700 3054 2784 3097 149.
