3185 5219
570 355 739 413 XCIV

2100 565 2282 617 Annus
2319 563 2674 618 Confusionis.

598 677 638 776 Ξ
750 660 790 802 ἐ
1885 736 2117 776 Bisextiles
2141 741 2186 776 et
2269 736 2505 777 Bisextiles
2656 737 2831 776 Literse

610 777 648 851 ἓ·
750 836 789 852 ,,
1884 803 1971 844 mt.
1997 804 2185 846 vitiosae
2239 811 2282 844 et
2309 805 2394 845 Lu.
2415 805 2452 843 D
2456 816 2761 845 mmmmmm
2763 803 2851 843 σαι

597 856 650 941 δ”
752 854 790 950 Ξ
1897 883 1950 913 οι
1966 873 2174 915 uiuacis.
2256 874 2443 916 vitio-⁸0
2469 884 2525 912 ex
2643 872 2769 924 oyen
2793 873 2844 912 ιι»

1920 943 2149 982 sententis.
2270 941 2508 992 scaligero.
2646 944 2853 989 Augusto.

741 1094 805 1146 41
878 1095 975 1148 749
1029 1093 1156 1164 Imp.
1182 1093 1373 1146 Caesar
1401 1095 1673 1163 Augustus
1694 1093 1813 1148 XII.
2024 1095 2070 1148 G
2374 1095 2416 1148 Ε
2661 1092 2705 1147 Β
2785 1093 2833 1146 A

1027 1179 1085 1232 L.
1111 1179 1262 1232 Corn.
1287 1180 1448 1232 Sulla.

580 1265 674 1320 194
741 1264 808 1318 42
878 1264 980 1317 750
1030 1265 1085 1318 G.
1112 1264 1368 1318 Calvisius
1392 1264 1619 1318 Sabinus
2021 1266 2062 1320 F
2376 1265 2419 1319 Ε
2735 1263 2782 1316 G

1029 1349 1087 1404 L.
1111 1350 1391 1403 Passienus
1413 1350 1635 1402 Rufinus

742 1436 809 1490 43
879 1435 975 1489 751
1028 1435 1087 1489 L.
1121 1434 1473 1489 LENTULUS
2024 1437 2066 1490 Ε
2377 1436 2422 1490 D
2732 1434 2773 1487 F

1028 1522 1100 1575 M.
1135 1520 1561 1576 MESSALINUS

742 1607 810 1661 44
879 1606 978 1661 252
1029 1608 1158 1678 Imp.
1184 1606 1377 1660 Caesar
1403 1607 1674 1677 Augustus
1696 1605 1839 1660 XIII.
2022 1607 2070 1661 D
2377 1606 2421 1660 Ο
2732 1607 2777 1662 Ε

1028 1694 1102 1748 Μ.
1125 1693 1360 1747 Plautius
1383 1692 1628 1746 Silvanus

744 1777 811 1830 45
881 1777 980 1832 753
1031 1778 1222 1834 Cossus
1248 1778 1399 1833 Corn.
1421 1778 1673 1832 Lentulus
2024 1777 2066 1832 G
2379 1777 2423 1830 B
2667 1778 2715 1832 D
2795 1782 2833 1835 Ο

1030 1864 1087 1919 L.
1114 1864 1425 1935 Calpurnius
1446 1863 1565 1917 Piso
1589 1863 1772 1932 Augur

581 1950 677 2005 195
744 1948 812 2002 46
882 1948 982 2003 754
1028 1949 1161 2022 Imp.
1187 1949 1376 2003 Csessr
1406 1950 1677 2019 Augustus
1699 1947 1839 2002 XIV.
2025 1949 2070 2002 B
2379 1948 2426 2000 A
2736 1952 2780 2006 Β

1031 2035 1089 2090 L.
1112 2036 1362 2089 Aemilius
1385 2035 1578 2089 Paulus

744 2119 812 2173 47
881 2119 982 2174 755
1030 2121 1089 2178 P.
1114 2121 1348 2174 Vinicius
1370 2120 1543 2190 Nepos
2025 2120 2072 2174 A
2385 2118 2432 2172 G
2737 2123 2783 2176 A

1032 2207 1087 2261 P.
1111 2207 1334 2261 Alfinius
1358 2207 1526 2260 Varus

746 2292 814 2346 48
882 2290 982 2345 756
1032 2292 1091 2349 L.
1116 2293 1294 2346 Aelius
1315 2291 1500 2345 Lami·
2030 2289 2078 2344 G
2381 2288 2423 2342 B
2741 2295 2788 2348 G

1031 2380 1106 2434 M.
1132 2378 1379 2431 Servilius
1404 2376 1656 2431 Geminus

746 2464 814 2517 49
882 2463 981 2516 ‘157
1033 2463 1158 2518 Sex.
1179 2463 1356 2518 Aelius
1381 2461 1539 2514 Gutus
1960 2460 2001 2514 P
2085 2461 2128 2513 E
2382 2460 2424 2513 Β
2671 2464 2713 2528 Β
2799 2465 2837 2517 Ε

1035 2548 1092 2605 G.
1118 2548 1328 2603 Sentius
1352 2547 1664 2601 Saturninus

585 2634 681 2690 196
747 2634 818 2690 50
883 2635 984 2689 758
1034 2635 1093 2689 L.
1115 2634 1352 2689 Valerius
1373 2634 1599 2688 Messala
2025 2632 2072 2686 D
2379 2632 2427 2686 D
2739 2636 2784 2690 D

1036 2719 1094 2776 G.
1121 2720 1272 2776 Gom.
1298 2718 1465 2773 Cinna

748 2806 813 2860 51
884 2806 983 2861 759
1033 2807 1107 2863 M.
1130 2805 1383 2859 Aemilius
1404 2804 1630 2875 Lepidus
1885 2830 1888 2831 ⁷
2028 2804 2071 2858 G
2380 2803 2424 2858 Ο
2739 2806 2781 2859 G

1034 2892 1094 2948 L.
1120 2891 1393 2947 Arruntius
1414 2890 1588 2962 Nepos

716 3079 870 3135 Nunc
892 3080 1037 3144 illud,
1060 3080 1115 3134 in
1140 3095 1243 3148 quo
1264 3078 1464 3148 negotii
1481 3076 1642 3130 totius
1666 3092 1873 3130 summs
1887 3077 2121 3141 vertitur,
2143 3077 2406 3131 observari
2423 3078 2685 3143 convenit,
2710 3094 2905 3133 annum

584 3168 881 3238 quempism
902 3166 959 3219 in
980 3165 1302 3218 Iulisnorum
1324 3163 1457 3216 serie
1479 3161 1673 3233 duplici
1692 3163 1890 3216 ratione
1908 3162 2206 3217 bisextilem
2228 3163 2501 3217 nominari.
2534 3161 2668 3217 Nem
2686 3166 2769 3218 vel
2792 3182 2905 3235 pro-

583 3257 699 3323 pter
721 3250 1136 3304 antecedentium
1159 3264 1417 3303 annorum
1438 3248 1823 3302 successionem
1845 3265 1914 3301 ex
1932 3247 2167 3303 Caesaris
2185 3247 2507 3302 ordinatione
2526 3249 2786 3304 bisextilis
2809 3259 2905 3314 est,

585 3339 669 3390 vel
690 3341 930 3407 respectu
952 3335 1018 3387 sd
1039 3335 1266 3404 primum
1287 3334 1620 3403 Augusteum
1640 3333 1970 3387 emendatum
2000 3330 2207 3399 habito,
2241 3333 2391 3387 cuius
2424 3333 2698 3404 dispositio
2731 3336 2788 3389 in
2820 3353 2906 3389 su-

586 3423 814 3493 periores
839 3436 1046 3490 quoque
1068 3418 1322 3473 redundet
1343 3435 1405 3473 sc
1426 3418 1729 3490 regreditur.
1766 3418 1896 3490 (Nos
1912 3420 2053 3473 enim
2069 3412 2565 3473 Iulisnsm‘formam
2582 3421 2650 3473 ab
2668 3420 2906 3491 Augusto

588 3507 896 3560 recensitam
919 3505 986 3561 sd
1008 3506 1290 3559 enter-iores
1315 3520 1480 3560 annos
1493 3545 1507 3571 ,
1539 3504 1769 3576 adeoque
1803 3505 1869 3558 sd
1901 3503 2084 3560 mundi
2105 3504 2269 3576 ipsius
2293 3510 2466 3558 ortum
2488 3504 2720 3559 methodi
2741 3508 2909 3576 graus

587 3591 978 3645 accommodare
1001 3592 1268 3662 solemus.)
1312 3590 1556 3662 Exempli
1576 3606 1791 3657 esusss,
1824 3606 1994 3645 sunus
2017 3591 2250 3645 Iulisnus
2269 3606 2392 3644 xm.
2406 3631 2421 3656 ‚
2454 3591 2511 3644 in
2534 3607 2691 3662 quem
2713 3592 2907 3662 Diony-

584 3678 760 3731 sisnus
782 3678 972 3731 nstslis
994 3677 1190 3742 incidit,
1213 3678 1258 3730 si
1281 3692 1404 3731 vers
1422 3682 1507 3730 est
1526 3674 1729 3730 lulisns
1748 3677 1840 3730 ills
1861 3676 2119 3731 bisextilis
2142 3677 2265 3729 anui
2286 3676 2577 3748 descriptio,
2607 3690 2769 3748 quam
2803 3678 2906 3731 An-

586 3764 733 3817 nales
758 3761 1033 3829 exhibent,
1068 3764 1334 3816 bisextum
1364 3764 1567 3816 nullum
1596 3761 1801 3828 babuit,
1832 3761 1924 3816 sed
1947 3762 2119 3833 potius
2141 3778 2293 3818 xum.
2362 3762 2433 3815 At
2454 3779 2521 3816 ex
2544 3762 2771 3834 Augusti
2795 3779 2906 3817 cor·

586 3850 838 3915 rectione,
872 3849 983 3902 sive
1005 3863 1163 3918 quum
1184 3846 1379 3901 Paulus
1400 3848 1939 3919 Forosemproniensis
1962 3848 2169 3911 asserit,
2193 3848 2304 3900 sive
2327 3862 2462 3916 quse
2483 3849 2540 3902 iu
2561 3864 2758 3903 annum
2783 3864 2897 3904 zm.

587 3937 851 3990 bisextum
882 3934 1180 4003 legitimum
1209 3934 1442 3999 coniicit,
1473 3932 1612 3987 idem
1642 3933 1731 3985 ille
1754 3950 1873 3987 xm.
1895 3948 2066 3987 annus
2096 3931 2331 3985 Iulianus
2365 3932 2622 3987 bisextilis
2655 3936 2771 3990 erit.
2829 3933 2908 3988 Its

587 4021 726 4075 enim
748 4021 946 4091 primus
971 4034 1141 4072 sunus
1162 4018 1394 4073 Iulianus
1407 4059 1421 4085 ,
1450 4018 1662 4072 tametsi
1693 4034 1760 4071 ex
1792 4018 1987 4072 sutoris
2013 4022 2191 4071 mente
2212 4017 2472 4071 bisextilis
2495 4035 2601 4073 non
2622 4019 2804 4086 fuerit,
2837 4035 2905 4075 ex

587 4106 813 4176 Augusti
834 4110 1013 4158 tsmen
1035 4103 1393 4157 emendatione
1416 4104 1580 4157 fuisse
1602 4108 1855 4169 censetur,
1878 4108 1938 4155 ut
1957 4103 2501 4171 Forosemprouiensis
2524 4103 2755 4159 adnotat.
2796 4106 2908 4159 lsm
3015 4096 3026 4101 ”

587 4192 678 4261 qui
708 4192 938 4244 ustalem
960 4188 1152 4243 Christi
1185 4205 1382 4243 sunum
1412 4188 1710 4242 bisextilem
1734 4188 1859 4241 velit
1885 4187 2049 4241 fuisse
2079 4201 2247 4258 eoque
2273 4187 2419 4241 velut
2449 4188 2746 4245 charactere
2778 4198 2906 4246 tem

586 4277 727 4347 poris
751 4281 941 4340 utetur,
972 4292 1081 4328 non
1112 4275 1161 4328 ei
1186 4274 1315 4328 sstis
1338 4279 1419 4327 est
1440 4274 1794 4327 demonstrare
1817 4272 2082 4326 bisextum
2103 4289 2174 4324 ex
2195 4271 2398 4327 Iulisns
2418 4273 2747 4331 institutione
2769 4278 2826 4331 in
2845 4277 2906 4331 il·

585 4361 696 4414 lum
718 4360 891 4431 ipsum
913 4377 1111 4415 annum
1132 4359 1401 4424 incidisse,
1425 4358 1585 4428 quod,
1614 4363 1675 4411 ut
1696 4375 1726 4411 e
1748 4356 2100 4428 superioribus
2120 4357 2346 4429 intelligi
2363 4364 2563 4430 potest,
2586 4359 2808 4416 dubium
2829 4368 2910 4416 est

587 4453 640 4499 et
659 4446 940 4512 incertum,
976 4445 1069 4499 sed
1099 4443 1340 4499 habenda
1368 4444 1599 4497 maxime
1629 4443 2057 4513 consequentimn
2079 4443 2404 4497 bisextorum
2425 4446 2580 4512 ratio,
2613 4447 2909 4503 cuiusmodi

587 4530 832 4586 hodierno
854 4548 957 4586 usu
976 4536 1099 4602 post
1119 4529 1346 4599 Augusti
1366 4528 1733 4583 correctionem
1757 4528 2113 4583 observsutur.
2160 4526 2351 4592 Quod
2332 4545 2391 4583 m
2420 4532 2699 4586 trinalibus
2725 4534 2905 4587 minus

587 4615 1003 4672 animadversum
1036 4632 1099 4670 eo
1134 4613 1345 4669 tandem
1365 4614 1638 4668 ratiocinia
1665 4614 1890 4684 redegit,
1922 4619 1980 4667 ut
2010 4628 2208 4668 sunum
2228 4614 2488 4669 lulianum
2511 4634 2580 4673 ιι.
2606 4618 2906 4674 bisexfflem
