3185 5219
2281 396 2581 456 cxxxvn

249 554 294 607 si
317 552 563 608 dominus
581 552 805 617 dederit,
830 567 901 606 ax
922 551 1161 608 instituto
1177 551 1491 608 redonentur.
1526 552 1640 607 Hoc
1657 565 1782 606 vero
1796 552 1913 608 loeo
1930 557 2186 623 quanm
2201 553 2268 608 ad
2284 559 2582 625 susceptam

249 638 310 693 de
331 638 625 694 dominicae
639 639 904 709 passionis
927 654 1066 693 anno
1084 639 1445 709 quaestionem
1468 653 1685 692 noeesse
1708 638 1830 703 erit,
1854 655 1885 693 e
1899 638 2079 692 multis
2096 654 2267 709 panca
2281 639 2580 696 libabimus.

479 793 571 849 DE
604 792 1012 847 IUDAEORUM
1044 792 1229 847 ANNO
1266 792 1531 847 VETERE
1566 734 1924 848 SCALIGERI
1958 791 2354 849 SENTENTIA.

376 896 520 951 Nihil
554 895 641 950 hic
675 896 739 949 de
773 897 1257 967 antiquissimorum
1290 896 1644 951 Hebraeorum
1678 913 1740 950 ac
1775 894 2186 967 patriarcharum
2218 912 2356 949 anno
2396 896 2581 962 dicam,

246 981 381 1054 quod
404 982 471 1036 ad
496 998 609 1035 rem
638 988 967 1053 praesentem
997 981 1130 1036 nihil
1159 982 1369 1047 attinet,
1404 981 1496 1036 sed
1529 982 1594 1036 de
1625 984 1900 1037 recentiori
1928 984 2187 1036 duntaxat
2214 987 2412 1048 aetate,
2445 999 2582 1053 quae

246 1067 435 1122 Christi
452 1069 686 1122 natalem
703 1069 903 1139 aliquot
914 1069 1139 1123 saeculis
1156 1069 1449 1122 antecessit.
1485 1067 1599 1132 Quo
1615 1073 1850 1139 tempore
1867 1068 2273 1131 Alexandream,
2291 1067 2402 1122 sive
2422 1067 2580 1122 Grae-

244 1170 357 1208 cam
379 1154 509 1208 anui
529 1153 756 1208 formam
778 1169 812 1207 a
831 1154 1040 1208 Iudaeis
1063 1153 1350 1208 admissam
1379 1159 1433 1207 et
1462 1171 1565 1207 usu
1588 1154 1732 1207 civili
1750 1161 2012 1225 receptam
2034 1153 2269 1224 Scaliger
2301 1154 2608 1210 arbitratus,

243 1246 323 1293 est
348 1239 513 1310 idque
543 1238 953 1310 chronographis
986 1239 1389 1294 admiratoribus
1412 1239 1526 1293 suis
1552 1241 1798 1294 omnibus
1819 1240 2095 1310 persuasit.
2157 1239 2418 1310 Imprimis
2441 1239 2582 1294 enim

242 1326 330 1381 lib.
357 1326 423 1379 de
446 1325 665 1379 Emend.
689 1343 746 1380 rr.
770 1343 822 1397 p.
843 1326 926 1379 99.
950 1325 1029 1379 ed.
1055 1326 1144 1378 alt.
1168 1325 1374 1389 scribit,
1411 1324 1659 1390 Iudaeos,
1683 1341 1804 1379 cum
1826 1325 2129 1379 neomenias
2153 1323 2251 1376 dab
2276 1327 2360 1391 τῆς
2388 1322 2580 1394 φάσεως

243 1410 588 1477 deducerent,
619 1417 832 1483 accepto
865 1411 1254 1465 Seleucidarum
1286 1411 1413 1481 iugo
1448 1427 1633 1464 eorum
1663 1427 1862 1465 annum
1894 1416 1946 1464 et
1978 1409 2236 1481 epocham
2253 1410 2320 1464 ad
2341 1410 2580 1480 politicos

242 1513 370 1550 usus
403 1497 736 1551 transtulisse
768 1513 829 1551 ac
856 1496 1384 1566 Syromacedonicam
1405 1496 1677 1566 periodum
1698 1512 1996 1567 usurpasse.
2031 1495 2157 1549 Erat
2170 1494 2301 1550 haec
2318 1495 2583 1567 Oalippica

240 1598 403 1647 mera,
430 1582 595 1652 cyclis
611 1582 886 1636 Metonicis
904 1601 960 1636 rv
984 1588 1254 1646 constans,
1278 1583 1430 1636 annis
1448 1599 1637 1646 uxxvr,
1662 1587 1720 1636 ut
1735 1581 2051 1636 Censorinus
2075 1586 2256 1638 auctor
2277 1586 2374 1646 est,
2398 1581 2581 1636 diebus

240 1667 427 1722 27759.
474 1666 664 1738 chlus
687 1685 841 1738 porro
865 1667 1348 1722 decemnovennalis
1373 1667 1669 1738 Calippicus
1689 1668 1832 1721 idem
1851 1683 2068 1739 prorsus
2089 1673 2202 1722 erat
2222 1683 2344 1722 cum
2362 1667 2582 1733 Iuliano,

239 1752 446 1808 dierum
468 1753 631 1819 6939,
663 1752 773 1808 hor.
796 1752 875 1808 18.
951 1752 1057 1807 Sed
1091 1769 1213 1807 cum
1246 1753 1519 1824 periodum
1549 1769 1703 1807 suam
1737 1753 1987 1825 Galippus
2019 1769 2084 1806 eo
2116 1752 2414 1806 inchoasset
2440 1767 2580 1806 aune

241 1855 348 1910 quo
380 1839 601 1893 Darium
620 1839 919 1892 Alexander
949 1838 1016 1892 ad
1048 1839 1240 1892 Arbela
1270 1839 1420 1900 vicit,
1456 1837 1663 1909 Olymp.
1683 1853 1813 1894 cxrr.
1836 1856 1978 1893 anno
2009 1838 2262 1904 secundo,
2296 1838 2408 1892 sive
2427 1836 2584 1908 Iphiti

241 1939 559 1990 coccum,
588 1942 696 1995 per.
719 1926 818 1981 Iul.
836 1924 988 1979 4383.
1002 1963 1017 1989 ,
1048 1925 1196 1995 cyclo
1218 1926 1374 1978 lunae
1396 1941 1511 1979 xrrr.
1526 1964 1542 1988 ,
1564 1924 1694 1979 solis
1711 1942 1827 1991 ιι,
1860 1926 1930 1978 ab
1952 1930 2203 1978 autumno
2217 1964 2232 1989 ‚
2264 1929 2375 1977 tam
2399 1922 2584 1978 Graeci

240 2010 296 2064 iu
325 2010 638 2064 Macedonia
668 2025 827 2082 quam
861 2010 1308 2080 Syromacedonea
1338 2010 1395 2066 in
1417 2011 1545 2063 Asia
1568 2009 1788 2064 eandem
1821 2011 1968 2065 illam
1997 2009 2197 2064 decimo
2228 2026 2394 2076 nono,
2422 2023 2581 2080 quarn

241 2113 275 2149 a
296 2097 517 2167 calippo
541 2097 841 2167 excogitata
859 2097 1056 2162 iuerat,
1089 2112 1229 2150 anno
1260 2097 1644 2163 instaurarunt,
1678 2097 1952 2154 duodecim
1984 2097 2136 2150 annis
2158 2102 2280 2169 post
2301 2097 2585 2152 Alexandri

241 2189 465 2236 mortem
477 2222 492 2248 ,
514 2183 712 2253 periodi
731 2185 830 2241 Iul.
843 2184 1013 2247 4402„
1035 2182 1182 2253 cyclo
1204 2184 1361 2237 lunae
1378 2201 1510 2249 xm„
1532 2183 1660 2237 solis
1677 2201 1764 2249 vn,
1787 2195 2007 2254 eamque
2025 2198 2059 2236 a
2076 2182 2580 2253 Syromacedonibus

246 2267 517 2335 Chaldaei,
537 2268 741 2332 Iudaei,
762 2269 1054 2340 Hagareni,
1077 2269 1277 2323 Arabes
1296 2270 1544 2324 traditam
1565 2275 1892 2341 acceperunt.
1927 2268 2106 2324 Iudaei
2122 2285 2246 2324 vero
2263 2286 2441 2325 aeram
2459 2287 2582 2325 con-

243 2361 506 2408 tractuum
537 2359 782 2417 W
814 2359 960 2442 7⁸:70
992 2356 1153 2425 vulgo
1176 2363 1498 2427 nuncupant.
1568 2356 1632 2410 In
1652 2356 2088 2411 Maccahaeorum
2106 2356 2254 2410 libris
2273 2359 2401 2411 anni
2421 2356 2582 2412 Grae·

244 2463 424 2503 corum
446 2449 789 2520 appellantur,
812 2449 1071 2520 iidemque
1093 2450 1483 2506 Seleucidarum
1507 2451 1655 2519 dicti,
1678 2453 1820 2523 quod
1843 2451 2026 2506 eodem
2049 2467 2189 2505 anno
2212 2468 2316 2523 quo
2337 2452 2581 2548 perigdus

244 2535 331 2589 illa
350 2535 472 2589 iniit
488 2534 739 2590 Seleucus
757 2535 1027 2606 Babylone
1051 2543 1354 2607 recuperata
1371 2553 1640 2608 emergere
1656 2544 1814 2609 atque
1836 2538 2114 2609 imperium
2135 2537 2367 2591 stabilire
2390 2515 2579 2611 coepit.

376 2622 601 2677 Lunaris
632 2624 758 2677 anni
786 2623 976 2677 modus
1010 2630 1092 2676 est
1122 2623 1320 2677 dierum
1352 2624 1481 2689 354,
1512 2625 1573 2690 8,
1615 2622 1727 2690 5’3,
1761 2622 1836 2676 6¹¹
1865 2626 2004 2696 ¹⁸lm
2042 2625 2241 2678 mensis
2266 2621 2582 2680 29.12.44’.

246 2705 346 2761 25⁶
373 2708 508 2778 '‘ln·
570 2709 709 2762 Anni
732 2709 1044 2781 principium
1067 2710 1135 2763 ab
1159 2716 1415 2764 autumno
1446 2716 1499 2763 et
1519 2710 1730 2781 quidem
1755 2710 1995 2764 Octobris
2019 2726 2109 2764 νη.
2174 2708 2310 2764 Nam
2333 2709 2584 2782 Tekupha

245 2792 379 2847 'l'isri
402 2793 587 2847 incidit
606 2795 662 2847 in
686 2793 928 2848 Octobris
951 2812 1069 2849 vm:
1100 2797 1191 2866 qui
1214 2794 1324 2849 dies
1348 2796 1548 2866 primus
1572 2802 1684 2849 erat
1707 2796 1831 2849 anni
1853 2796 2054 2849 solaris.
2121 2794 2260 2848 Nam
2282 2801 2336 2848 et
2356 2795 2582 2849 solarem

245 2886 515 2950 praeterea
549 2895 746 2934 annum
783 2880 1155 2949 observabant,
1192 2885 1251 2933 ut
1282 2882 1339 2934 in
1372 2881 1462 2935 lib.
1481 2899 1552 2936 rv.
1580 2880 1643 2934 de
1666 2880 1883 2935 Emend.
1917 2881 2119 2946 scribit,
2159 2882 2307 2935 cuius
2343 2880 2582 2936 bisextus

245 2970 364 3019 ante
394 2964 626 3035 primum
648 2965 786 3019 Tisri
809 2983 903 3021 vn.
936 2966 1172 3020 Octobris
1202 2965 1569 3022 infindebatur.
1639 2966 1743 3020 Sed
1776 2970 1963 3036 postea
1993 2967 2247 3019 translato
2278 2967 2334 3020 in
2364 2982 2582 3021 vernum

244 3057 449 3122 tempus
472 3050 622 3105 initio
644 3051 780 3105 inter
802 3053 1027 3123 primam
1044 3056 1100 3104 et
1114 3051 1403 3105 secundam
1420 3050 1611 3122 Aprilis
1630 3053 1856 3106 insertus
1881 3057 1977 3105 est.
2021 3052 2212 3106 Postea
2232 3051 2436 3106 Iuliana
2457 3054 2584 3109 anni

244 3135 414 3191 forma
446 3141 683 3207 recepta,
716 3138 854 3191 inter
887 3155 1010 3191 xxv.
1046 3143 1100 3190 et
1118 3154 1266 3191 xxvr.
1291 3137 1470 3191 Martii
1502 3138 1839 3192 intercalatus
1875 3144 1956 3192 est
1987 3138 2114 3193 dies.
2185 3139 2366 3209 Igitur·
2384 3140 2582 3194 lunaris

243 3223 367 3276 anni
389 3222 667 3293 dispositio
690 3222 830 3294 apud
849 3222 1072 3277 Iudaeos
1091 3222 1586 3291 Syromacedonica,
1611 3225 1722 3278 sive
1741 3223 2030 3296 Galippica,
2054 3224 2180 3288 fnit,
2204 3225 2351 3279 cuius
2373 3225 2582 3281 initium

245 3309 311 3362 ab
335 3308 578 3362 Octobris
602 3326 695 3364 vn.

377 3394 577 3447 Verum
599 3408 718 3447 cum
742 3394 920 3463 cyclus
942 3393 1241 3464 Galippicus
1264 3394 1463 3448 lunaris
1482 3394 1624 3449 idem
1646 3402 1728 3450 est
1748 3412 1870 3450 cum
1891 3395 2095 3450 iuliano
2108 3437 2122 3463 ,
2155 3398 2391 3451 lunarem
2414 3397 2582 3453 Iudai⁴

243 3496 386 3545 cum,
429 3492 592 3549 quem
620 3479 951 3533 verissimum
983 3484 1135 3550 putat
1167 3479 1417 3550 Scaliger,
1453 3481 1672 3535 excedat
1703 3481 1843 3537 horis
1865 3482 1942 3548 5.,
1983 3499 2155 3553 scrup.
2191 3482 2415 3537 Iudaicis
2447 3484 2581 3549 760„

244 3565 501 3636 quoniam
524 3564 658 3634 cycli
680 3565 1167 3619 decemnovennalis
1190 3581 1442 3621 excessus
1465 3572 1549 3621 est
1569 3566 1680 3622 hor.
1704 3570 1748 3621 1.
1771 3567 1897 3633 485,
1919 3574 2043 3639 post
2063 3569 2239 3639 cyclos
2261 3584 2385 3622 vero
2409 3570 2582 3640 Calip-

243 3651 387 3721 picos
414 3666 511 3714 ιι,
546 3651 638 3719 qui
668 3648 1056 3721 Hipparcheum
1088 3667 1253 3704 unum
1275 3651 1499 3718 faciunt,
1534 3654 1603 3705 ad
1633 3652 1787 3707 horas
1812 3652 1894 3706 22.
1918 3653 2045 3718 880,
2079 3653 2178 3707 hoc
2211 3655 2422 3708 estsere
2443 3655 2581 3708 diem

243 3736 471 3791 solidum
493 3750 745 3789 excessus
764 3737 854 3789 ille
874 3735 1169 3806 perveniat,
1192 3736 1369 3791 Iudaei
1390 3737 1649 3808 paulatim
1670 3738 1839 3791 labem
1865 3739 1990 3792 anni
2014 3739 2096 3792 sui
2113 3739 2577 3810 deprehenderunt.
2664 3776 2676 3789 .

243 3822 449 3876 Etenim
473 3819 796 3892 Galippicam
827 3821 987 3875 istam
1019 3820 1247 3875 formam
1270 3821 1337 3875 ad
1359 3838 1555 3875 annum
1580 3820 1775 3876 Christi
1795 3822 1912 3876 344.
1936 3825 2287 3889 retinuerunt,
2321 3831 2383 3877 ut
2403 3825 2493 3880 lib.
2511 3826 2575 3879 11.

242 3909 307 3962 de
326 3906 547 3962 Emend.
572 3907 825 3977 scriptum
846 3912 943 3960 est.
989 3905 1143 3960 Circa
1162 3905 1302 3960 bunc
1330 3923 1530 3961 annum
1550 3920 1674 3960 vero
1707 3907 1852 3961 bidui
1870 3909 2056 3963 vitium
2091 3909 2579 3977 animadverterunt,

243 4010 362 4048 cum
394 3993 506 4047 iam
537 3992 604 4046 ab
636 3992 786 4046 initio
809 3991 1203 4047 Seleucidarum
1238 4009 1408 4046 annus
1432 3992 1548 4046 656.
1570 3993 1844 4059 laberetur,
1877 3996 1968 4065 qui
2002 4001 2083 4048 est
2102 4012 2288 4049 xnvrrr.
2311 4000 2434 4065 poet
2454 3994 2577 4067 Hip-

243 4078 496 4150 parche-,s
524 4078 766 4149 periodos
794 4076 941 4134 duas.
989 4079 1172 4148 Itaque
1196 4092 1316 4132 cum
1333 4078 1468 4132 Tisri
1486 4077 1796 4133 Iudaeorum
1814 4080 2175 4134 Alexandreus
2197 4085 2341 4133 esset
2360 4080 2415 4133 in
2434 4099 2576 4136 xxvr.

244 4166 385 4237 Sept.
406 4165 542 4218 feria
561 4181 662 4228 m,
695 4179 765 4217 ex
796 4164 1107 4234 epilogismo
1140 4162 1419 4229 hodierno,
1455 4164 1566 4218 sive
1600 4164 1771 4217 lunari
1793 4162 2002 4235 ἀκριβεῖ,
2036 4165 2300 4219 character
2322 4171 2436 4219 erat
2456 4166 2504 4222 2.
2528 4166 2579 4232 4,

244 4251 359 4308 240.
385 4250 532 4321 Sept.
556 4266 700 4304 mv.
747 4248 833 4301 En
855 4251 998 4303 labes
1019 4250 1177 4304 hidrei.
1225 4250 1465 4303 Nondum
1488 4253 1618 4302 enim
1638 4254 1886 4304 rationem
1908 4250 2236 4321 Calippioam
2259 4252 2322 4303 de
2343 4252 2463 4304 aede
2483 4270 2580 4307 sua

242 4339 635 4391 „licitam-ant
649 4336 862 4399 Iudaei,
884 4337 977 4391 scd
992 4353 1103 4388 cam
1121 4335 1292 4389 adhuc
1324 4337 1620 4389 incolomem
1636 4348 1984 4390 servaverant.
2031 4336 2160 4391 Sero
2182 4336 2348 4406 igitur
2368 4338 2579 4393 taudem

242 4439 412 4477 errore
453 4421 693 4491 cognito,
727 4419 960 4474 adbibita
990 4421 1047 4474 in
1071 4422 1327 4476 auxilinm
1363 4421 1677 4491 astrologia,
1711 4438 1831 4475 eum
1864 4437 2064 4476 annum
2094 4423 2433 4477 instituerunt
2471 4440 2577 4496 quo

242 4515 460 4563 utuntur
478 4506 652 4562 hodie.
722 4504 1075 4570 Quamobrem
1108 4523 1175 4560 ex
1212 4507 1457 4579 opinione
1480 4506 1737 4578 Scaliger-i
1769 4524 1940 4561 annus
1961 4508 2051 4561 ille
2074 4507 2576 4577 Syromacedonicus

243 4601 295 4648 et
312 4593 680 4649 Alexandreus
705 4592 999 4663 Oalippicus
1021 4608 1130 4646 non
1151 4593 1323 4647 solum
1344 4593 1443 4646 sub
1464 4594 1642 4663 ipsum
1664 4593 1926 4664 passionis
1945 4598 2177 4664 tempus,
2211 4609 2393 4650 verum
2416 4597 2575 4651 etiam

242 4680 329 4735 diu
349 4686 540 4754 postea
561 4677 702 4751 apud
722 4677 942 4733 Iudaeos
966 4678 1205 4733 obtinuit.
1274 4678 1380 4733 Sed
1410 4677 1594 4732 eodem
1627 4680 1683 4733 in
1707 4696 1861 4751 opere
1884 4680 1947 4735 de
1970 4680 2345 4737 Emendatione
2370 4689 2575 4738 senten-
