3185 5219
517 367 809 422 GCGXLIV

515 536 881 606 Sicyoniorum
907 554 1129 609 regnum
1154 539 1362 608 quando
1387 540 1634 596 defecerit

583 629 637 674 et
669 638 698 674 a
734 638 837 692 quo
873 622 975 676 suit
1009 629 1318 694 occupatum
1551 625 1630 678 13.

516 705 642 775 Sige
687 722 844 776 quem
880 709 1164 776 procrearit
1205 707 1403 774 filium,
1449 726 1632 779 quam-

583 807 684 861 que
720 793 861 844 varie
894 791 950 844 id
984 793 1237 846 referatur
1543 795 1627 850 66.

516 875 794 945 sigeberti,
815 877 1056 943 Mariani,
1074 880 1401 949 aliorumque
1418 878 1635 933 chrono-

584 962 825 1030 logorum
858 963 1193 1017 hallucinatio
1225 965 1364 1035 quod
1393 966 1457 1018 ad
1486 973 1634 1018 aetae

583 1046 774 1100 Christi
808 1050 1237 1119 anticipationem
1272 1051 1456 1106 attinet
1516 1052 1630 1105 114.

518 1132 742 1204 Signum
780 1137 949 1188 crucis
994 1144 1218 1204 quantas
1256 1137 1390 1189 vires
1425 1153 1632 1206 semper

585 1219 849 1286 habuerit,
888 1231 1068 1274 contra
1103 1221 1472 1276 Gasaubonum
1550 1222 1639 1276 57.

516 1304 803 1374 Signornm
843 1305 1041 1360 zodiaci
1089 1308 1298 1377 partitio
1336 1307 1637 1378 quadripar-

518 1398 702 1530 Βίῖιΐιι
738 1475 995 1529 Jonathae
1031 1492 1093 1529 ac
1127 1476 1296 1530 Judae
1332 1392 1636 1531 Maccabffti

582 1561 740 1615 frater
775 1562 981 1632 quando
1007 1572 1243 1615 mortuus
1550 1564 1637 1618 52.

521 1645 704 1701 Simon
750 1665 819 1700 ex
865 1648 1109 1717 opinione
1146 1647 1430 1702 Clementis
1463 1658 1636 1718 poste-

592 1733 699 1785 rior
733 1732 833 1785 fuit
856 1732 1145 1798 Marcione,
1181 1733 1274 1786 sed
1309 1734 1364 1786 in
1400 1750 1462 1788 eo
1497 1735 1634 1787 refu-

589 1824 730 1869 tatur
1549 1821 1633 1874 40.

517 1902 721 1954 Simoni
746 1901 904 1970 Mago
941 1917 1010 1954 an
1045 1902 1202 1957 fuerit
1235 1912 1413 1958 statua
1437 1903 1636 1960 Romae

584 1988 755 2056 posita
789 1993 1039 2056 tanquam
1075 1988 1172 2042 deo
1548 1991 1634 2045 41.

523 2072 817 2125 Simoniani
863 2088 1045 2125 omnes
1093 2076 1261 2144 magi,
1306 2093 1372 2129 ex
1416 2077 1632 2130 Irenaeo

589 2158 868 2226 probatum
1547 2162 1631 2217 40.

516 2241 685 2295 Solini
707 2242 882 2314 opinio
908 2243 972 2296 de
995 2261 1132 2298 anno
1157 2246 1480 2300 confusionis
1519 2248 1634 2300 104.

518 2327 781 2381 Stationes
808 2344 942 2398 quae
966 2328 1203 2382 dicantur
1227 2338 1280 2385 et
1303 2331 1441 2386 unde
1463 2339 1634 2385 trans-

588 2414 727 2466 latae
1514 2417 1636 2473 356.

518 2497 682 2552 Stoici
714 2501 923 2569 qualem
948 2516 1064 2554 esse
1087 2501 1322 2561 animam
1350 2502 1639 2558 afferebant

1564 2589 1642 2643 16.

519 2670 766 2740 Synaxes
803 2688 984 2726 sacrae
1009 2690 1165 2744 quem
1191 2676 1245 2728 in
1269 2691 1484 2728 sensnm
1507 2677 1639 2729 acci·

585 2758 796 2827 piantur
813 2757 949 2824 349„
971 2761 1190 2828 synaxis
1209 2777 1304 2830 pro
1329 2777 1480 2815 sacra
1497 2777 1638 2814 com·

587 2843 837 2896 munione
1506 2847 1636 2900 ibid.

519 2928 763 2997 Synaxes
781 2929 1082 2998 frequentes
1105 2931 1304 2984 fiebant
1325 2932 1379 2985 in
1415 2932 1636 3003 qnadra-

587 3015 792 3083 gesima
854 3014 1142 3070 Caesareae
1205 3027 1260 3070 et
1309 3017 1364 3070 in
1407 3019 1637 3088 singulis

588 3100 824 3152 ecclesiis
1519 3103 1636 3158 284.

520 3183 751 3251 Synaxis
805 3184 932 3255 quid
975 3185 1182 3239 differat
1224 3203 1258 3239 a
1302 3204 1452 3241 sacra
1496 3205 1638 3242 com-

588 3270 862 3334 munione,
896 3278 1077 3323 contra
1112 3271 1482 3327 Gasaubonum
1517 3273 1635 3327 350.

522 3354 768 3423 Synodns
791 3354 1137 3409 Seleuciensis
1157 3373 1260 3427 quo
1285 3366 1518 3428 tempore
1541 3359 1639 3412 fuit

591 3441 854 3493 celebrata
1518 3442 1637 3501 325.

521 3612 873 3668 Tertullianus
918 3632 1091 3669 errore
1127 3618 1364 3672 Montani
1398 3619 1632 3673 imbutus

588 3703 960 3771 poenitentiam
998 3713 1272 3775 oppugnat
1521 3706 1639 3761 228.

521 3787 827 3842 Tertulliani
863 3790 1039 3860 opinio
1076 3789 1139 3841 de
1173 3799 1405 3861 tempore
1438 3794 1639 3862 passio-

590 3875 672 3927 nis
707 3872 899 3929 Christi
939 3878 1067 3943 146„
1104 3880 1230 3932 item
1265 3880 1478 3935 Eusebii
1512 3882 1638 3936 ibid.

524 3961 570 4012 A
593 3959 762 4013 Thai-e
784 3962 852 4015 ad
886 3972 1057 4018 ortum
1081 3966 1326 4020 Abraami
1349 3976 1478 4038 quot
1513 3970 1638 4023 anni

590 4045 844 4102 fluxerint
1557 4054 1639 4110 13.

523 4131 795 4189 Themistii
813 4137 959 4192 locus
976 4138 1201 4207 insignis
1213 4139 1502 4194 illustratur
1517 4140 1637 4195 365.

1736 547 1997 601 Theruma
2028 548 2097 601 de
2128 549 2370 618 frugibus
2405 551 2689 604 elaboratis
2722 567 2855 621 quo—

1802 634 1959 687 modo
1994 632 2207 687 definita
2239 634 2297 688 in
2330 635 2449 704 lege
2765 636 2849 691 33.

1736 717 1919 773 Thisbi
1964 720 2212 789 oppidum
2256 717 2401 774 miae
2446 722 2615 790 patria
2656 731 2711 774 et
2752 722 2851 775 To-

1807 806 1922 857 biae
1959 806 2047 858 ubi
2083 807 2240 859 situm
2734 808 2850 863 220.

1736 889 1899 943 Tituli
1960 892 2298 944 ecclesiarum
2346 893 2694 946 Alexandriae
2746 895 2851 964 qui,

1803 983 1859 1028 et
1890 976 2026 1029 unde
2061 979 2331 1046 paroeciae
2739 980 2853 1034 276.

1736 1060 2030 1131 Totaphoth
2116 1063 2378 1132 quomodo
2458 1066 2739 1119 reddantur
2817 1083 2849 1118 a

1806 1148 2155 1217 Septuaginta
2762 1151 2846 1206 31.

1739 1232 2098 1287 Traditionum
2146 1235 2282 1305 apud
2320 1236 2583 1291 Hebraeos
2628 1243 2851 1307 quatuor

1807 1334 2003 1387 genera
2401 1353 2419 1366 =
2772 1322 2852 1376 70.

1741 1404 1930 1459 Troiae
1973 1406 2236 1460 excidium
2281 1424 2386 1477 quo
2422 1415 2657 1479 tempore
2690 1410 2853 1462 conti·

1805 1492 1943 1560 gerit
2778 1494 2852 1547 13.

1737 1577 1917 1634 Turris
1962 1578 2286 1649 Babyloniea
2339 1596 2442 1650 quo
2486 1587 2723 1651 tempore
2765 1597 2853 1633 ex-

1804 1669 1978 1716 tructa
2731 1667 2854 1721 ibid.

1737 1748 1900 1815 Tylus
1924 1750 2216 1803 Messeniae
2240 1752 2381 1818 urbs,
2405 1751 2538 1805 alias
2562 1752 2783 1821 Oetylus
2804 1753 2852 1804 4.

1739 2005 1990 2058 Victorini
2027 2011 2080 2058 et
2115 2006 2419 2061 Latinorum
2454 2024 2599 2061 error
2630 2008 2687 2062 in
2720 2008 2854 2061 festo

1804 2090 2072 2144 Paschatis
2744 2093 2855 2147 197.

1742 2177 1990 2230 Vinucius
2026 2176 2223 2231 Consul
2248 2178 2333 2232 cni
2360 2177 2591 2248 Vellejus
2616 2178 2853 2233 Pateren-

1805 2262 1887 2315 lus
1905 2278 2058 2315 suam
2078 2261 2375 2325 historiam,
2404 2264 2516 2318 sive
2544 2263 2855 2318 breviarium

1802 2348 2071 2418 inscripsit
2774 2351 2855 2404 96.

1738 2433 1987 2487 Vinucins
2021 2434 2306 2488 etGassius
2335 2437 2579 2490 consules
2616 2436 2709 2506 qui
2741 2437 2853 2489 fue-

1806 2519 1913 2572 rint
2774 2521 2855 2576 97.

1743 2603 2079 2670 Visitatores‚
2115 2606 2196 2659 vel
2230 2605 2558 2676 παριοδωταὶ,
2595 2607 2677 2661 vel
2712 2607 2855 2661 cirei-

1807 2697 1946 2744 tores
1985 2697 2038 2743 et
2070 2692 2401 2756 lustratores,
2437 2708 2507 2746 an
2539 2699 2593 2746 et
2614 2709 2855 2763 procura-

1808 2783 1956 2830 tores
1968 2776 2122 2830 iidem
2744 2777 2856 2831 281.

1740 2859 2018 2931 ‘ratpotone
2041 2869 2094 2916 et
2114 2863 2463 2932 superpositio
2484 2862 2613 2933 quid
2646 2864 2718 2916 sit
2741 2861 2858 2916 363.

1739 3115 2111 3187 Xerophagias
2155 3115 2441 3201 hebdomas
2483 3126 2728 3172 accurate
2769 3137 2860 3173 ex·

1806 3204 2031 3273 plicatur
2740 3200 2857 3259 296.

1740 3288 2113 3359 xerophagiae
2159 3305 2286 3343 usus
2329 3290 2383 3343 in
2440 3289 2863 3360 quadragesima,

1808 3382 1862 3427 et
1894 3373 2016 3442 qnid
2053 3374 2211 3428 fuerit
2743 3375 2862 3428 316.

1740 3458 2112 3529 Xerophagias
2131 3461 2319 3514 ususin
2332 3460 2659 3515 hebdomade
2677 3470 2866 3515 sancta

1807 3545 1927 3614 quis
1962 3545 2119 3599 fuerit
2265 3621 2309 3683 z
2748 3548 2867 3604 295.

1740 3716 1977 3770 Zenones
1996 3680 2115 3782 dno,
2135 3735 2269 3772 unus
2282 3666 2495 3784 (iitieus,
2515 3722 2647 3774 alter
2657 3721 2868 3776 Eleates

1740 3886 2043 3958 Zeuxippus
2065 3896 2361 3959 postremus
2378 3907 2471 3945 rex
2492 3809 2867 3962 Sicyonionlsizri

1740 4056 2017 4113 zoroaster
2051 4076 2273 4124 unusne,
2308 4078 2379 4114 an
2423 4063 2603 4132 piures
2636 3979 2869 4118 Ιιοοίῗὲ

1808 4145 1950 4197 mine
1984 4145 2178 4198 fuerint
2210 4147 2459 4216 appellati
2809 4150 2865 4202 ὃ.

1183 4618 1333 4657 ‘nm-3
1373 4620 1656 4661 expansam*
1698 4621 1960 4659 GUSTAVUS
1999 4624 2190 4679 LARQB·
