3185 5219
574 397 796 456 cmv

572 554 750 609 rimo·
772 552 878 608 2110
900 531 1016 608 1'000
1039 553 1360 623 probabitur.
1406 553 1475 607 At
1494 553 1551 606 in
1572 552 1800 620 raum,
1832 553 1944 607 sive
1965 553 2078 608 fin
2107 553 2386 625 statuique
2417 554 2544 609 mni
2575 553 2775 622 foma,
2809 554 2907 609 He·

573 640 917 694 catombaeon
938 638 1109 694 haesit
1128 639 1185 691 in
1205 639 1338 693 Iulio
1352 678 1366 704 ‚
1390 640 1579 710 reliqui
1602 645 1877 709 sequentes
1899 639 2129 693 Iulianos
2151 656 2359 694 menses
2384 640 2739 696 obtinuerunt.
2787 640 2904 694 Plu-

571 724 783 780 tarchus
806 742 927 779 cum
950 725 1237 780 Atticorum
1258 726 1522 780 mensium
1548 726 1815 790 meminit,
1848 740 2230 796 nonnunquam
2260 726 2400 780 fixos
2434 726 2554 780 illos
2585 742 2649 780 ac
2676 726 2905 781 Iulianos

570 812 831 881 intelligit.
878 810 1028 875 Quod
1050 816 1226 866 autem
1249 827 1430 865 eorum
1453 812 1645 865 seriem
1668 810 2009 866 Athenienses
2031 811 2355 865 retexuerint
2387 817 2442 865 et
2464 811 2774 867 Hecatomb.
2802 817 2904 865 sta-

569 898 713 952 tione
730 897 1062 963 dimoverint,
1085 895 1224 952 haud
1248 898 1357 951 scio
1381 912 1448 950 an
1473 913 1541 950 ex
1565 897 1670 951 alio
1695 897 1946 967 scriptore
1965 912 2124 968 quam
2148 913 2216 950 ex
2233 895 2333 950 hec
2349 896 2628 968 Epiphanii
2645 898 2763 952 loco
2788 913 2906 952 con-

572 988 709 1037 stare
730 982 915 1054 possit.

706 1069 810 1138 Πρὸ
828 1067 879 1130 ἓξ
894 1064 1057 1120 mesu
1076 1068 1401 1139 Νοεμβρίων]
1434 1066 1725 1122 Neomenia
1743 1068 1907 1138 Athyr
1924 1069 2147 1134 Actiaci,
2171 1068 2253 1122 vel
2272 1067 2639 1134 Diocletianei,
2662 1068 2908 1122 convenit

570 1175 619 1209 v.
641 1154 755 1210 Kal.
777 1153 909 1210 Nor.
924 1192 938 1219 ,
959 1152 1057 1208 hoc
1082 1160 1165 1207 est
1188 1153 1395 1208 Octobr.
1413 1172 1602 1210 xxvm.
1649 1154 1789 1225 Ergo
1814 1154 2155 1209 duodecimus
2178 1153 2344 1223 Athyr
2369 1152 2678 1208 Novembris
2704 1159 2906 1219 octavo,

570 1242 681 1296 sive
702 1258 773 1295 vr.
794 1239 908 1296 Eid.
932 1239 1090 1305 Not,
1112 1239 1253 1310 quod
1275 1245 1330 1293 et
1348 1256 1496 1294 num.
1514 1258 1622 1294 xvr.
1645 1256 1803 1311 supra
1824 1239 2052 1305 dixerat,
2071 1258 2158 1295 ιι.
2178 1239 2261 1294 die
2281 1245 2407 1293 ants
2422 1238 2733 1310 Epiphania.
2787 1238 2906 1294 Pet-

568 1342 749 1398 petam
769 1326 948 1395 itaque
970 1332 1178 1396 postea,
1200 1342 1253 1379 n.
1272 1343 1486 1391 xum„
1510 1324 1607 1396 πρὸ
1633 1321 1769 1378 ὀκτὼ
1793 1323 1953 1378 Εἰδῶν
1979 1324 2264 1396 Νοεμβρίων
2288 1341 2321 1378 a
2343 1325 2553 1379 librario
2576 1325 2850 1396 scripum.

704 1410 843 1464 Κατὰ
876 1410 1239 1482 Σαλαμινίους]
1297 1409 1585 1464 Neomenia
1619 1409 1814 1465 Choiac
1843 1411 2025 1464 incidit
2056 1429 2135 1466 ιιι.
2166 1409 2443 1476 Novemb„
2477 1427 2635 1481 quem
2666 1427 2906 1465 mensem

567 1498 781 1552 tertium
802 1497 1056 1568 appellat,
1090 1497 1198 1550 sive
1230 1496 1370 1566 quod
1400 1496 1575 1566 plures
1609 1497 1841 1550 eiusdem
1864 1497 2090 1550 nominis
2115 1502 2317 1561 essent,
2346 1500 2406 1549 nt
2429 1495 2571 1566 apud
2591 1497 2907 1551 recentiores

567 1585 767 1638 Arabes
791 1583 892 1637 duo
918 1582 1086 1635 Rabiu
1120 1589 1270 1647 sunt,
1302 1581 1624 1652 totidemque
1650 1581 1954 1647 Giumediu,
1990 1583 2100 1636 sive
2135 1581 2276 1652 quod
2311 1580 2489 1635 ordine
2524 1582 2708 1636 tertius
2745 1588 2903 1637 esset.

568 1669 717 1723 Unde
746 1675 799 1723 et
832 1669 1043 1739 quintus
1074 1668 1131 1721 in
1165 1668 1465 1721 Ianuarium
1494 1667 1731 1721 incurrit.
1783 1668 1846 1723 A.
1867 1685 1948 1721 ιιι.
1972 1666 2104 1722 Nov.
2130 1667 2199 1720 ad
2227 1666 2342 1720 Kal.
2366 1667 2473 1721 Ian.
2505 1667 2902 1738 comprehensis

567 1756 683 1809 Kal.
705 1755 833 1826 ipsis
856 1753 966 1808 dies
989 1760 1113 1807 sunt
1134 1752 1286 1807 solidi
1308 1771 1405 1818 ιι,
1437 1753 1527 1823 qui
1559 1769 1769 1807 menses
1801 1752 1932 1807 duos
1955 1754 2260 1808 tricenarios
2285 1752 2533 1806 efficiunt.
2579 1752 2718 1808 Nam
2741 1770 2802 1808 ιι.
2826 1753 2906 1806 Ia-

568 1841 740 1895 nuarii
772 1839 991 1910 πέμπτος
1036 1839 1232 1894 mensis
1265 1839 1398 1895 iniit.
1468 1838 1720 1893 Videntur
1754 1838 2027 1892 Salaminii
2065 1839 2393 1909 aequabilem
2432 1843 2487 1893 et
2519 1838 2907 1910 Aegyptiacam

568 1926 831 1981 mensium
859 1925 1121 1978 ascivisse.

704 2011 842 2063 Κατὰ
863 2009 1124 2080 Παφίους.]
1155 2010 1448 2081 Apogonici
1469 2011 1746 2064 neomenia
1766 2012 1938 2082 coepit
1960 2010 2142 2066 Octob.
2170 2028 2312 2064 xxrv.
2349 2009 2492 2065 Iulus
2515 2010 2633 2065 iniit
2654 2010 2905 2066 Decemb.

571 2115 714 2153 ιιιν.
758 2099 806 2150 A
839 2096 923 2150 die
947 2113 1090 2150 xxxv.
1116 2094 1296 2149 Octob.
1321 2095 1389 2149 ad
1413 2113 1563 2149 ιιιιι.
1586 2096 1711 2150 Dec.
1735 2096 1846 2150 dies
1879 2103 2003 2150 sunt
2024 2114 2143 2162 ιιι,
2177 2097 2268 2167 qui
2296 2103 2420 2150 sunt
2449 2096 2550 2150 duo
2585 2092 2907 2168 Paphiorum

570 2198 795 2237 menses.
840 2181 1010 2246 Quare
1033 2182 1368 2252 Apogonicus
1390 2181 1705 2252 Pephiorum
1726 2182 1829 2236 fuit
1849 2181 2158 2248 November,
2181 2183 2324 2237 Iulus
2346 2182 2649 2237 December.

706 2265 843 2321 Κατὰ
865 2264 1122 2338 Ἄραβας.]
1159 2267 1448 2322 Neomenia
1467 2266 1878 2338 Angalthabaith
1902 2266 2141 2322 Octobris
2162 2286 2313 2324 xvm.
2336 2268 2610 2339 competit,
2635 2283 2670 2321 a
2690 2284 2800 2338 quo
2824 2267 2907 2322 die

570 2356 637 2409 ad
660 2373 766 2408 xvr.
790 2353 914 2407 Dec.
938 2353 1050 2406 dies
1073 2360 1195 2408 sunt
1219 2371 1314 2418 ιι,
1348 2354 1459 2406 sive
1491 2353 1595 2407 duo
1626 2369 1835 2407 menses
1859 2353 2194 2425 Aegyptiaci,
2229 2354 2419 2424 quibus
2450 2354 2532 2407 usi
2554 2359 2680 2407 sunt
2701 2354 2905 2408 Arabes

570 2440 674 2496 illis
698 2439 1038 2510 temporibus.
1086 2437 1221 2492 Nam
1242 2438 1519 2493 neomenia
1540 2440 1707 2492 Aleon
1727 2439 1886 2510 paulo
1909 2446 2031 2493 ante
2055 2439 2224 2510 coepit
2245 2438 2546 2493 Decembris
2569 2457 2699 2493 xvn.

706 2524 845 2578 Κατὰ
868 2524 1157 2585 Μακεδόνας
1180 2522 1514 2593 Ἀπελλαίου.]
1581 2525 1908 2580 Macedonici
1938 2526 2162 2589 mensis,
2197 2541 2316 2579 cum
2352 2524 2416 2578 de
2450 2531 2682 2596 tempore
2713 2524 2907 2579 natalis

570 2618 774 2683 ageret,
806 2612 1127 2667 mentionem
1159 2613 1350 2667 omisit.
1397 2611 1652 2666 Convenit
1681 2629 1836 2683 porro
1865 2612 2098 2682 Apellaei
2127 2611 2404 2665 neomenia
2434 2628 2554 2665 cum
2586 2609 2908 2682 Paphiorum

569 2697 894 2770 Apogonico.
940 2697 1077 2752 Nam
1099 2702 1322 2768 utraque
1344 2699 1461 2752 iniit
1482 2697 1725 2752 Octobris
1749 2716 1893 2754 mv.
1942 2697 2045 2751 Sed
2078 2704 2264 2752 neutra
2288 2698 2488 2751 lunaris
2517 2698 2705 2751 extitit.
2755 2697 2907 2768 Apud

568 2784 773 2841 mediae
804 2784 1077 2839 vetustatis
1112 2784 1388 2855 scriptores
1402 2825 1417 2850 ,
1450 2785 1756 2855 praesertim
1784 2782 2106 2839 Christianos
2119 2823 2133 2848 ,
2167 2799 2547 2854 nonnunqum
2580 2782 2908 2837 Macedonici

567 2886 779 2925 menses
810 2886 930 2923 cum
951 2869 1459 2939 Syromacedonicis,
1496 2886 1630 2940 quos
1663 2875 1716 2924 et
1740 2868 2060 2923 Graecorum
2092 2885 2299 2923 menses
2331 2869 2620 2941 appellant,
2655 2868 2906 2923 confundi

567 2956 773 3021 videas3
807 2962 869 3010 ut
887 2957 944 3011 in
965 2956 1163 3027 insigni
1186 2956 1275 3011 illo
1298 2955 1528 3010 Anatolii
1549 2956 1665 3009 loco
1678 2994 1691 3020 ‚
1727 2971 1882 3025 quem
1909 2956 1966 3010 in
1988 2956 2230 3025 sequenti
2251 2954 2488 3009 Distriba
2510 2954 2903 3020 declarabimus,

567 3042 699 3096 alise
721 3057 843 3095 vero
875 3042 1125 3106 discerni,
1157 3046 1218 3094 nt
1247 3039 1346 3095 hoc
1374 3042 1490 3095 loco
1523 3041 1649 3094 fecit
1679 3039 2015 3112 Epiphanius.
2062 3040 2129 3094 Et
2150 3046 2289 3096 certe
2311 3039 2904 3111 Syromacedonicorum

567 3127 829 3182 mensium
851 3128 987 3181 alius
1010 3126 1065 3180 in
1088 3143 1228 3181 anno
1250 3127 1451 3180 iuliano
1474 3127 1608 3181 situs
1634 3142 1795 3196 quam
1815 3126 2272 3181 Macedonicorum
2292 3126 2417 3192 fuit,
2452 3143 2560 3180 non
2581 3125 2740 3180 modo
2764 3133 2903 3181 vete-

568 3229 711 3279 rum,
735 3229 867 3282 quos
890 3213 1102 3266 lunares
1124 3212 1291 3265 fuisse
1312 3213 1656 3282 suspicamur,
1679 3211 1771 3266 sed
1797 3213 1952 3267 etiam
1975 3213 2321 3267 recentiorum
2341 3228 2404 3266 ac
2425 3212 2670 3267 fixorum.
2705 3212 2785 3266 Ao
2807 3230 2900 3283 po·

569 3299 845 3352 steriorum
868 3297 1099 3368 quidem,
1131 3296 1232 3351 hoc
1253 3303 1336 3350 est
1355 3298 1810 3353 Macedonicorum
1825 3339 1839 3365 ,
1868 3299 2008 3369 apud
2036 3300 2283 3369 antiquos
2306 3297 2467 3352 series
2491 3299 2716 3353 obscura
2737 3304 2822 3353 est
2842 3314 2903 3353 ac

569 3382 819 3448 difficilis,
843 3382 983 3452 quod
1005 3382 1069 3435 de
1092 3397 1157 3435 ea
1174 3382 1317 3437 varie
1338 3384 1774 3453 praestantissimi
1795 3385 2074 3455 scriptores
2098 3385 2432 3439 existimasse
2453 3384 2743 3441 videantur.
2797 3384 2902 3439 Sed

570 3470 769 3523 omissa
789 3467 946 3522 modo
964 3468 1298 3538 quaestione,
1330 3469 1413 3522 vel
1444 3469 1501 3524 in
1523 3470 1666 3524 aliud
1687 3470 1863 3542 potius
1888 3470 2077 3536 dilata,
2109 3476 2318 3540 tempus
2349 3472 2425 3524 sic
2457 3470 2671 3525 omnino
2700 3475 2901 3525 statuo:

567 3556 859 3626 Principem
893 3555 1154 3607 mensium
1187 3555 1363 3608 locum
1398 3555 1634 3609 extitisse
1668 3557 1758 3627 qui
1790 3556 2236 3611 Hecatombaeoni
2274 3556 2618 3627 responderit,
2662 3556 2802 3627 quod
2845 3559 2902 3612 in

566 3641 849 3696 Alexandri
870 3640 980 3694 vita
1010 3645 1234 3695 testatur
1262 3639 1585 3697 Plutarchus.
1638 3642 1869 3697 Galenus
1905 3658 2112 3713 quoque
2143 3643 2200 3695 in
2226 3642 2317 3695 lib.
2336 3660 2373 3697 1.
2399 3641 2630 3712 Epidem.
2652 3643 2902 3713 aequino-

568 3728 731 3782 ctium
754 3727 1057 3781 autumnale
1081 3722 1209 3778 κατὸι
1230 3725 1317 3794 τὴν
1343 3723 1500 3799 ἀρχὴν
1525 3732 1614 3781 τοῦ
1639 3727 1754 3780 Δίου
1779 3727 1930 3799 μηνὸς
1952 3729 2069 3783 fieri
2090 3728 2319 3799 scripsit,
2341 3728 2555 3783 ineunte
2571 3744 2694 3782 vero
2709 3728 2901 3783 Peritio

567 3813 852 3869 solstitium
882 3812 1180 3878 hibernum,
1213 3813 1604 3883 aequinoctium
1626 3829 1841 3869 vernum
1863 3815 2143 3869 Artemisio
2158 3853 2171 3879 ,
2192 3814 2448 3868 aeffivum
2470 3814 2752 3868 solstitium
2770 3814 2900 3870 Loo.

568 3898 719 3964 Quod
739 3899 824 3951 vel
848 3897 911 3952 de
935 3898 1150 3954 Iulianis
1173 3915 1235 3952 ac
1256 3898 1382 3953 fixis
1404 3900 1674 3954 mensibus
1701 3900 1867 3970 accipi
1900 3906 2094 3971 potest,
2129 3900 2211 3953 vel
2245 3899 2310 3952 de
2342 3900 2637 3965 lunaribus,
2673 3916 2735 3953 eo
2758 3900 2900 3953 vide·

564 3984 690 4039 licet
711 4000 895 4048 sensu,
918 3989 978 4038 ut
1000 3985 1099 4039 sub
1124 3991 1347 4055 quatuor
1368 3978 1490 4039 illos
1512 3986 1638 4038 anni
1660 3984 1893 4039 cardines
1917 3986 2131 4040 totidem
2155 3986 2234 4039 illi
2254 4002 2465 4039 menses
2486 3986 2684 4041 ineant.
2737 3984 2902 4039 Pavet

565 4069 688 4124 huic
711 4070 1035 4125 coniecturae
1057 4069 1333 4142 Iosephus,
1365 4072 1457 4142 qui
1477 4087 1725 4141 persaepe
1747 4069 2068 4125 Xanthicum
2091 4070 2255 4125 Nisan
2280 4087 2394 4125 esse
2418 4071 2566 4137 dicit,
2599 4078 2661 4125 nt
2683 4070 2895 4141 Origen.

564 4156 656 4211 lib.
677 4174 714 4210 1.
738 4171 854 4227 cap.
874 4173 978 4222 m.‚
1003 4162 1058 4210 et
1076 4157 1167 4210 lib‘.
1187 4174 1265 4212 ιιι.
1288 4170 1403 4226 cap.
1425 4172 1494 4208 ιι.
1521 4160 1573 4207 et
1596 4174 1672 4220 x.,
1697 4155 1829 4209 libro
1853 4171 1975 4209 vero
1993 4172 2108 4210 vm.
2129 4173 2243 4225 cap.
2261 4174 2318 4211 ιι.
2343 4157 2447 4210 liar
2469 4174 2591 4211 cum
2613 4157 2894 4211 Artemisio

566 4242 855 4312 componit,
878 4241 967 4294 lib.
986 4259 1101 4296 vm.
1127 4256 1241 4312 cap.
1262 4258 1339 4296 m.
1363 4240 1841 4310 Hyperberetaeum
1863 4256 1985 4294 cum
2005 4240 2166 4306 Τίσι-ἰ,
2189 4240 2346 4295 Dium
2369 4258 2493 4297 cum
2513 4241 2897 4296 Harchesuvan

565 4327 656 4381 lib.
674 4344 710 4381 ι.
743 4343 855 4397 cap.
875 4345 979 4392 m.‚
1016 4325 1247 4380 Gbassen
1280 4342 1401 4379 cum
1434 4325 1681 4395 Apellaeo
1717 4325 1808 4379 lib.
1837 4343 1931 4380 ιιι.
1968 4341 2084 4395 cap.
2110 4343 2202 4380 vn.
2268 4327 2414 4381 Adde
2447 4328 2513 4382 iis
2548 4330 2899 4382 astronomica

568 4412 823 4482 quaedam
846 4413 1089 4483 exempla
1111 4413 1164 4464 in
1191 4410 1469 4466 chaldaica
1493 4411 1704 4481 periodo
1727 4410 1866 4480 apud
1888 4410 2257 4466 Ptolemaeum.
2306 4412 2449 4477 Quae
2473 4414 2652 4468 omnia
2669 4400 2896 4467 alibi'di·

565 4497 816 4567 ligentius
840 4497 1181 4568 explicantur.
1228 4497 1366 4550 Inter
1390 4496 1846 4551 Macedonicorum
1867 4496 2126 4550 mensium
2158 4513 2227 4550 ex
2261 4498 2326 4552 iis
2358 4500 2601 4553 omnibus
2636 4498 2763 4553 ordo
2796 4499 2896 4553 iste

566 4582 960 4638 constituendus
983 4587 1076 4635 est.
