3185 5219
2405 339 2636 399 cnxvn

307 492 367 548 de
389 493 492 548 diei
512 493 727 548 Iudaico
750 494 1030 566 principio,
1060 494 1170 548 sive
1204 498 1356 550 nocte
1388 495 1747 561 antecedente,
1780 496 1916 550 solet
1940 497 2197 569 usurpari.
2241 495 2358 551 Non
2384 497 2521 569 quod
2544 498 2635 554 lux

304 580 475 651 aliqua
496 580 608 634 sive
632 581 813 646 lunae,
846 581 957 634 sive
989 580 1258 634 stellarum
1292 581 1479 634 saltem
1511 581 1680 634 oriens
1707 587 1968 652 utcunque
1992 581 2130 635 diem
2153 584 2462 654 auspicetur,
2498 584 2633 655 quod

304 664 644 720 Gasaubonus
665 665 722 720 in
744 665 973 719 Exercit.
994 677 1130 732 xvi„
1164 681 1308 720 num.
1333 683 1420 718 xv.
1443 682 1624 722 verum
1660 666 1954 732 existimat3
1988 672 2049 720 ut
2078 683 2198 720 cum
2229 667 2400 722 Lucas
2424 670 2499 722 ait
2522 686 2633 741 cap.

301 767 476 817 xxm„
511 750 607 804 542
640 750 722 804 καὶ
745 748 992 821 σάββατον
1016 748 1299 821 lvi-(prem,
1332 751 1408 803 sic
1431 751 1791 823 accipiendum
1814 753 1885 806 sit
1913 758 1973 805 ut
1994 753 2041 806 si
2063 752 2305 818 dixisset,
2340 753 2420 805 καὶ
2443 751 2634 824 ἐπέφω-

302 853 411 887 σκεν
432 834 465 901 ἦ
490 835 673 902 σελήνη
694 834 727 904 ἡ
751 832 943 907 ἄγουσα
966 835 1023 887 rb
1049 834 1312 906 σάββατον.
1383 836 1524 889 Haec
1557 837 1699 890 enim
1731 838 1990 891 sententia
2022 838 2352 892 subabsurda
2384 844 2436 892 et
2457 854 2634 910 super·

300 936 529 975 vacanea
545 921 764 976 ridetur.
788 923 980 976 Verum
999 921 1301 994 simpliciter
1318 925 1372 975 et
1388 922 1532 976 nullo
1552 922 1654 976 alio
1672 923 1950 976 subaudito
1970 919 2259 992 ἑπιφώσκειν
2276 931 2359 976 est
2377 933 2632 994 appetere,

300 1006 383 1060 vel
400 1010 563 1070 inire,
587 996 885 1068 σώσασα.
955 1008 1064 1061 Hoc
1097 1013 1275 1061 autem
1308 1024 1375 1060 ex
1407 1024 1471 1062 eo
1503 1014 1687 1061 natum
1716 1009 1938 1062 arbitror
1962 1008 2101 1078 quod
2124 1025 2244 1062 cum
2267 1009 2436 1079 prima
2458 1025 2520 1062 ac
2540 1026 2633 1063 na·

300 1098 442 1148 turae
465 1093 701 1148 maxime
723 1098 1074 1148 consentanea
1091 1093 1193 1147 diei
1216 1093 1497 1163 appellatio
1521 1093 1691 1146 lucem
1715 1093 2002 1164 significet,
2027 1099 2296 1164 tempusve
2320 1094 2386 1147 ab
2412 1099 2525 1147 ortu
2549 1112 2632 1148 so-

296 1178 361 1231 lis
380 1178 449 1232 ad
464 1194 738 1244 occasum,
762 1179 1038 1250 pleraeque
1054 1184 1239 1249 postea
1256 1178 1492 1232 nationes
1511 1179 1670 1232 variis
1689 1185 1982 1251 temporum
1999 1179 2161 1232 initiis
2180 1180 2475 1232 constitutis
2494 1180 2632 1233 diem

296 1262 639 1318 nihilominus
674 1264 1001 1338 appellarunt
1031 1264 1261 1335 spatium
1291 1264 1417 1318 illud
1448 1265 1724 1335 temporis,
1760 1264 1900 1335 quod
1931 1266 1998 1319 ab
2031 1281 2093 1318 eo
2126 1271 2318 1335 puncto
2361 1265 2499 1334 quod
2532 1265 2633 1318 sibi

295 1355 589 1406 εἴπωσι-ωε
611 1349 678 1402 ad
699 1349 839 1406 idem
859 1355 1114 1421 punctum
1135 1348 1432 1403 revolvitur.
1470 1350 1640 1414 Quare
1665 1356 1723 1402 ut
1745 1349 1799 1403 in
1824 1350 2069 1420 primaria
2089 1348 2182 1402 illa
2205 1366 2266 1402 ac
2282 1350 2510 1404 naturali
2532 1350 2631 1403 diei

294 1435 508 1489 notione
532 1431 820 1505 ἐπιφώσκειν
844 1435 1049 1508 proprie
1073 1434 1183 1490 dies
1212 1433 1417 1500 dicitur,
1451 1435 1592 1505 quod
1626 1436 1740 1489 eius
1773 1435 1921 1489 initio
1954 1434 2035 1488 sol
2069 1436 2246 1500 oritur,
2282 1440 2341 1488 ut
2373 1441 2425 1488 et
2455 1433 2631 1505 ἡμέρα,

296 1517 391 1572 ἀπὸ
416 1523 503 1587 τῆς
525 1517 671 1590 ἠοῦς,
694 1521 771 1574 ita
790 1521 1060 1574 translatis
1083 1520 1150 1574 ad
1172 1520 1398 1591 reliquas
1422 1520 1618 1574 formas
1637 1521 1740 1574 diei
1755 1520 2192 1592 appellationibus
2212 1520 2348 1573 idem
2366 1520 2465 1573 hoc
2483 1535 2632 1573 usur-

292 1611 477 1676 patum
498 1605 637 1659 initii
657 1606 973 1660 vocabulum
995 1611 1101 1670 est;
1133 1606 1233 1659 etsi
1263 1605 1439 1659 minus
1474 1622 1636 1677 quam
1657 1607 1762 1660 illic
1785 1607 2006 1679 proprie.
2077 1605 2199 1659 Sive
2223 1605 2384 1676 igitur
2407 1622 2439 1658 a
2460 1606 2636 1659 media
2683 1620 2729 1661 1⁵·
2746 1609 2833 1653 ¹⁸⁸-

292 1696 471 1757 nocte,
506 1691 619 1744 sive
642 1707 675 1743 a
697 1691 937 1756 meridie,
972 1691 1082 1744 sive
1105 1692 1172 1745 ab
1194 1691 1343 1746 initio
1368 1693 1560 1756 noctis,
1591 1692 1695 1745 diei
1725 1698 1987 1763 repetatur
2009 1691 2282 1745 exordium
2297 1731 2311 1756 ,
2344 1688 2631 1761 ἐπιφώσκειν

292 1776 492 1847 ubique
514 1775 652 1843 dies,
684 1777 783 1831 hoc
806 1782 888 1831 est
908 1775 1143 1832 inchoari
1163 1783 1215 1830 et
1236 1777 1366 1830 inire
1390 1777 1696 1849 simpliciter
1717 1777 1930 1833 dicetur.
1978 1775 2427 1842 Quemadmodum
2450 1794 2632 1847 νουμη·

294 1859 395 1922 νίας
428 1878 539 1915 vox
574 1877 695 1916 cum
728 1868 1031 1917 nascentem
1063 1862 1247 1916 lunam
1276 1865 1481 1934 proprie
1517 1863 1799 1933 significet,
1842 1863 1908 1916 ad
1950 1862 2126 1917 omnia
2164 1863 2428 1916 mensium
2465 1862 2631 1927 initia,

294 1946 453 2002 etiam
478 1947 692 2002 minime
713 1947 978 2002 lunarium
999 1947 1322 2014 transfertur,
1343 1954 1473 2020 puta
1495 1949 1889 2003 tricenariorum
1915 1956 1968 2002 et
1987 1949 2414 2019 Agyptiacorum.
2483 1946 2630 2001 Unde

293 2031 396 2085 alia
417 2037 503 2086 est
524 2032 759 2103 νουμηνία
782 2031 909 2085 κατὰ
931 2031 1154 2102 σελήνην,
1180 2033 1283 2088 alia
1307 2032 1366 2086 οὗ
1391 2031 1516 2086 κατὰ
1541 2033 1762 2101 σελήνην.
1799 2034 1910 2088 Hoc
1934 2049 2034 2104 ego
2059 2049 2219 2088 sensu
2242 2037 2316 2103 τῷ
2341 2029 2630 2102 ἐπιφώσκειν

294 2118 647 2189 evangelistas
669 2118 974 2188 simpliciter
996 2135 1120 2173 usos
1138 2119 1377 2174 arbitror.
1413 2118 1480 2173 Ut
1503 2135 1623 2173 cum
1647 2118 1831 2173 Matth.
1855 2136 1965 2191 cap.
1979 2138 2184 2185 xxvm„
2213 2120 2256 2171 1.
2279 2118 2355 2171 ita
2374 2118 2628 2189 loquitur:

295 2201 420 2274 Ὀψὲ
438 2202 493 2255 δὲ
510 2206 610 2256 τῶν
627 2201 889 2272 σαββάτων
908 2208 967 2275 τῇ
985 2200 1332 2275 ἰπιφωσκούσῃ
1352 2203 1416 2267 εἰς
1435 2203 1548 2275 μίαν
1568 2206 1668 2257 τῶν
1693 2203 1972 2275 σαββάτων.
2010 2204 2111 2259 Ubi
2132 2204 2277 2258 nulla
2299 2205 2630 2273 argutatione

295 2305 427 2360 opus
450 2295 535 2344 est
555 2294 615 2343 ut
635 2290 719 2343 vel
742 2289 853 2343 dies
875 2290 991 2360 ipsa
1014 2305 1047 2342 a
1069 2296 1223 2344 nocte
1244 2291 1498 2362 incipiens
1522 2296 1636 2344 tum
1659 2291 1868 2345 demum
1883 2330 1897 2356 ‚
1921 2307 2042 2344 cum
2062 2292 2142 2344 sol
2160 2290 2324 2343 oritur
2341 2286 2629 2359 ἑπιφώσκειν

295 2374 513 2441 dicatur,
546 2376 631 2429 vel
664 2381 725 2430 ut
752 2375 880 2429 luna
912 2380 1003 2429 aut
1033 2375 1205 2429 sidera
1233 2375 1628 2431 subaudiantur.
1688 2375 1824 2430 Nam
1853 2375 1934 2429 hic
1959 2375 2290 2430 meoiudicio
2314 2391 2501 2428 sensus
2525 2380 2626 2428 est:

295 2460 559 2515 Confectis
581 2462 840 2526 sabbatis,
863 2461 973 2515 sive
996 2458 1324 2515 hebdomada
1345 2469 1581 2531 peracta,
1606 2463 1688 2516 die
1711 2462 1976 2533 sequenti,
2005 2478 2143 2534 quae
2167 2461 2335 2515 inibat
2355 2477 2476 2515 cum
2498 2461 2631 2514 feria

294 2546 490 2618 prima3
521 2547 661 2619 quod
691 2547 921 2619 apertius
942 2544 1114 2601 Lucae
1148 2563 1260 2619 cap.
1280 2565 1458 2614 xxm„
1488 2546 1571 2602 54.
1603 2547 1918 2602 declaratur:
1967 2547 2057 2599 Καὶ
2080 2545 2240 2620 ἡμέρα
2262 2540 2321 2618 ᾖν
2346 2545 2627 2618 παρασκευὴ

297 2632 375 2685 ul
394 2631 643 2703 σαββάτον
658 2631 929 2704 indemens.
961 2632 1061 2687 Ubi
1077 2634 1295 2688 verbum
1313 2631 1567 2703 ἑπέφωσκε
1583 2634 1783 2688 nullam
1801 2633 1970 2687 lucem
1988 2632 2273 2704 sig-nificat,
2294 2633 2385 2685 sed
2403 2633 2626 2685 initium.

293 2719 364 2774 At
383 2719 523 2790 apud
543 2719 893 2791 Epiphaniam
914 2719 967 2773 in
992 2717 1332 2789 Expositione
1347 2717 1492 2772 Fidei
1511 2735 1658 2774 num.
1678 2737 1807 2773 xxrr.
1832 2718 1966 2771 circa
1987 2717 2310 2789 gallicinium
2344 2720 2427 2783 τῆς
2462 2735 2627 2786 κυρια-

296 2808 381 2873 xij<
400 2803 776 2875 ἐπιφωσκούσῃ
799 2805 933 2858 solvi
954 2802 1197 2874 paschale
1230 2804 1477 2859 ieiunium
1517 2804 1718 2870 dicitur,
1752 2802 1851 2857 hoc
1882 2810 1964 2857 est
1992 2809 2115 2875 post
2145 2802 2372 2856 mediam
2403 2808 2626 2867 noctem,

294 2907 327 2944 a
348 2908 452 2963 qua
474 2891 613 2945 diem
638 2888 917 2945 Christiani
938 2887 1202 2944 inchoant.
1268 2889 1401 2943 Item
1432 2889 1588 2960 paulo
1623 2894 1745 2960 post
1775 2889 1956 2943 scribit
1985 2889 2266 2942 nonnullos
2298 2886 2627 2940 hebdomada

294 2982 473 3031 uncta
491 2976 711 3046 vigilare
733 2974 820 3042 τὴν
845 2975 967 3047 par&
988 2973 1075 3042 τὴν
1108 2974 1333 3044 πέμπτην
1364 2972 1740 3045 ἕπιφῶσκουσαν
1772 2971 1838 3036 εἰς
1868 2974 1925 3026 τὸ
1961 2972 2323 3046 προσάββατον.
2392 2972 2495 3025 Ubi
2525 2969 2624 3023 ἐπι-

297 3063 502 3132 φὼοκειν
517 3060 722 3115 videtur
742 3062 949 3132 proprie
970 3061 1286 3132 sumpsisse,
1311 3060 1463 3131 quasi
1477 3077 1586 3114 nox
1605 3060 1851 3132 postridie
1872 3062 2128 3125 lucescat,
2151 3057 2248 3112 hoc
2274 3064 2354 3112 est
2376 3059 2430 3112 in
2454 3059 2624 3112 lucem

294 3148 509 3203 desinat.
557 3147 775 3201 Noctem
798 3147 938 3200 enim
959 3146 1205 3217 intellig-it
1227 3162 1362 3217 quae
1383 3162 1717 3217 parascevem
1738 3146 2017 3218 praecedit.

426 3233 518 3287 Καὶ
528 3230 605 3285 ὅτι
620 3228 878 3293 ἀνάστασις
890 3231 971 3284 καὶ
984 3229 1245 3304 lorwim]
1281 3231 1361 3287 En
1378 3233 1565 3285 erroris
1584 3238 1968 3303 argumentum.
2005 3231 2271 3287 Christum
2288 3232 2449 3300 euim,
2467 3249 2623 3303 quem

294 3319 620 3391 aequinoctio
644 3319 759 3390 ipso
780 3317 1125 3373 resurrexisse
1149 3317 1425 3383 didicerat,
1456 3316 1556 3372 hoc
1590 3325 1669 3372 est
1700 3335 1824 3372 xxv.
1846 3319 2049 3383 Martii,
2083 3334 2145 3371 eo
2170 3317 2251 3372 die
2274 3319 2623 3373 resurrexisse

294 3405 531 3470 credidit,
568 3420 671 3474 quo
700 3404 1010 3459 Diocletiani
1042 3410 1277 3477 tempore
1310 3404 1698 3473 aequinoctium
1731 3404 1928 3459 incidit.
2001 3403 2137 3457 Nam
2172 3421 2239 3457 ex
2263 3406 2502 3458 Anatolio
2517 3445 2530 3471 ,
2565 3410 2626 3459 ut

294 3492 490 3562 opinor,
520 3497 577 3543 et
596 3488 964 3545 Alexandrinis
984 3489 1245 3543 veteribus
1274 3489 1665 3560 aequinoctium
1687 3491 1862 3544 Martii
1884 3508 2016 3545 xxn.
2048 3490 2253 3554 statuit,
2287 3506 2407 3543 cum
2441 3490 2622 3543 Nicae-

292 3594 419 3632 num
441 3578 643 3647 aliquot
663 3576 814 3631 annis
837 3580 1021 3646 postea
1041 3575 1098 3628 in
1114 3575 1422 3628 vicesimum
1444 3576 1673 3646 primum
1694 3575 1942 3629 intulerit.
1977 3574 2123 3628 Unde
2147 3576 2236 3645 qui
2260 3582 2624 3629 successerunt

292 3661 631 3717 Alexandrini
657 3661 936 3732 scriptores
958 3660 1211 3725 xix-Kal„
1242 3659 1341 3714 hoc
1375 3667 1458 3713 est
1489 3678 1598 3715 xxr.
1623 3661 1820 3725 Martii,
1855 3661 2243 3730 aequinoctium
2275 3660 2530 3724 fixerunt;
2566 3666 2626 3714 ut

290 3750 425 3804 inter
441 3748 574 3802 alios
591 3746 852 3802 Pretorius
870 3744 1255 3800 Alexandrinus
1280 3744 1419 3816 apud
1441 3743 1640 3799 Bedam
1662 3745 1751 3798 lib.
1777 3744 1840 3798 de
1857 3745 2163 3816 Aequinoct.
2177 3746 2404 3811 Vei-nali,
2429 3746 2519 3815 qui
2542 3750 2624 3798 est

290 3841 431 3888 tomo
454 3852 536 3889 m.
604 3832 655 3885 Is
688 3833 905 3902 inquam
938 3848 1059 3885 xxv.
1082 3828 1432 3895 Phamenoth,
1465 3831 1556 3900 qui
1578 3835 1662 3883 est
1684 3848 1777 3883 xu.
1799 3830 1914 3884 Kal.
1934 3831 2079 3902 Apr.,
2103 3832 2492 3902 aequinoctium
2516 3831 2620 3883 col-

290 3920 504 3983 locavit,
538 3917 727 3972 Leonis
753 3933 921 3988 papae
954 3917 1295 3987 temporibus.
1362 3914 1548 3985 Itaque
1572 3915 1871 3986 μνημονικὸν
1894 3922 1977 3969 est
1999 3914 2264 3987 ἁμάρτημα
2286 3915 2621 3969 eruditissimi

288 4005 521 4076 Kepleri,
551 4003 676 4059 dum
697 4003 752 4056 in
772 4002 985 4072 Eclogis
1006 4014 1129 4072 pag.
1154 4000 1265 4054 193.
1308 3999 1600 4054 Proterium
1623 4001 1698 4054 ait
1720 4002 1858 4054 circa
1878 4002 2087 4055 initium
2110 4000 2420 4054 Diocletiani
2443 4000 2620 4069 aequi-

290 4091 525 4145 noctium
544 4106 619 4143 xr.
635 4088 750 4143 ΚΑΙ.
775 4087 1062 4153 definiisse3
1094 4085 1188 4140 sed
1209 4085 1453 4139 Anatolio
1477 4086 1530 4139 id
1553 4087 1820 4154 convenit,
1852 4087 2001 4140 cuius
2031 4088 2231 4140 illustre
2264 4085 2619 4153 fragmentum

292 4175 537 4231 describit
551 4173 807 4228 Eusebius
828 4173 917 4227 lib.
936 4190 1027 4228 vir.
1051 4188 1163 4243 cap.
1182 4189 1327 4229 xxvr.
1353 4189 1422 4225 ex
1444 4171 1679 4225 eiusdem
1701 4171 2037 4226 Paschalibus
2056 4171 2381 4233 canonibus,
2404 4169 2544 4239 quod
2567 4177 2619 4225 et

291 4261 433 4315 Beda
454 4264 832 4315 commemorat
852 4259 940 4312 lib.
965 4259 1028 4311 de
1052 4258 1416 4328 Aequinoctio,
1449 4257 1541 4310 ubi
1572 4264 1625 4310 et
1646 4258 1875 4311 Anatolii
1903 4257 2060 4310 verba
2090 4272 2155 4310 ex
2190 4255 2619 4326 depravatissimo.

292 4346 489 4403 Ruffini
509 4345 934 4415 interpretatione
955 4360 1228 4415 perperam
1252 4349 1464 4415 accepta
1477 4342 1703 4396 alienam
1723 4344 1775 4395 in
1795 4343 2109 4396 sententiam
2125 4340 2410 4410 detorquet.
2447 4341 2618 4405 Quare

293 4449 410 4487 cum
439 4449 511 4486 ex
545 4447 607 4485 eo
637 4430 864 4485 Anatolii
898 4430 1101 4483 decreto
1140 4434 1393 4500 tanquam
1434 4444 1503 4480 ex
1540 4427 1684 4480 fonte
1717 4426 1993 4499 Epiphanii
2025 4426 2260 4479 doctrina
2292 4424 2615 4497 profluxerit,

293 4519 441 4577 nobis
462 4518 730 4587 integrum
752 4533 859 4570 non
883 4522 988 4581 est,
1011 4521 1119 4569 tam
1141 4515 1397 4571 illustrem
1419 4513 1824 4588 disputationem
1846 4512 2055 4569 silentio
2077 4512 2496 4582 praetermittere.
