3185 5219
534 310 643 365 ΧΠ

671 462 951 535 Αἰγυπτίων
982 478 1037 517 τι
1071 459 1489 533 baronchi-m]
1545 462 1881 533 Longissima.
1913 461 1978 515 de
1997 461 2376 533 Aegyptiorum
2409 459 2663 532 dynastiis
2697 459 2866 530 deque

536 550 793 619 Scaligeri
812 551 869 604 in
890 549 1173 604 Eusebium
1192 549 1597 620 intemperantia
1617 549 1899 619 disputatio
1921 547 2158 603 hocloco
2180 549 2383 602 institui
2403 551 2621 619 poterat.
2653 545 2790 601 Nam
2812 550 2868 599 et

535 634 622 689 hic
653 652 861 706 quoque
890 636 1162 707 proleptici
1192 636 1443 705 temporis
1476 636 2053 705 commentitiarumque
2083 634 2441 704 dynastiarum
2470 631 2746 687 methodus
2777 647 2864 685 ve-

535 722 696 791 stigia
717 721 895 775 omnia
912 721 1142 775 veritatis
1163 721 1483 790 permiscuit.
1540 720 1647 774 Sed
1671 720 2181 775 animadversionum
2202 737 2300 773 nos
2325 720 2550 775 brevitas
2571 719 2739 772 libare
2759 719 2866 771 ista

535 808 718 861 leviter
748 807 994 861 admonet
1022 822 1194 877 neque
1224 804 1582 861 vehementius
1616 807 1685 860 ad
1717 823 1806 860 ess
1838 807 2172 877 quaestiones
2201 806 2517 862 incumbere.
2581 804 2863 874 Dynastias

536 893 911 964 Aegyptiorum
934 909 1004 946 ex
1024 891 1340 947 Manethone
1362 892 1637 947 Africanus
1671 908 1834 946 unam
1856 898 1908 946 et
1939 892 2158 962 triginta
2186 891 2639 956 commemoravit,
2673 890 2864 960 quibus

536 994 703 1033 annos
720 979 956 1049 assignat
968 976 1120 1031 5354.
1144 977 1225 1031 Ab
1241 994 1304 1032 oo
1323 979 1706 1032 diversissimus
1721 984 1806 1032 est
1821 977 2079 1032 Eusebius
2093 983 2204 1031 tam
2219 978 2275 1032 in
2293 977 2650 1047 dynastiamm
2668 975 2866 1039 ordine,

536 1050 697 1135 qu'am
724 1065 781 1118 in
814 1079 1069 1118 annorum
1100 1078 1325 1117 summa.
1390 1063 1671 1135 Propterea
1704 1063 1881 1119 odiose
1912 1063 2179 1119 hominem
2211 1065 2495 1117 insectatur
2525 1062 2778 1132 Scaliger,
2811 1066 2866 1113 et

535 1149 867 1205 Manethonis
898 1148 1154 1219 dynastiis
1186 1149 1430 1203 omnibus
1474 1150 1773 1221 explicatis,
1807 1165 1990 1204 earum
2022 1155 2181 1219 caput
2200 1150 2336 1203 nitra
2367 1149 2549 1202 mundi
2580 1146 2865 1218 primordia

534 1236 844 1306 longissime
864 1239 1152 1306 promovet.
1206 1234 1358 1299 Quod
1380 1234 1448 1288 ad
1469 1235 1765 1289 fabularum
1786 1236 2084 1289 institutum
2117 1240 2464 1307 opportunum
2478 1274 2492 1299 ,
2523 1234 2591 1287 ad
2619 1232 2863 1286 historiae

534 1323 805 1377 veritatem
824 1319 1180 1391 indagandam
1199 1321 1445 1375 frivolum
1466 1336 1529 1374 ac
1551 1321 1830 1376 ridiculum
1861 1328 1956 1375 est.
2008 1321 2128 1376 Non
2157 1322 2297 1374 enim
2325 1320 2602 1375 mediocris
2635 1319 2865 1388 ineptiae

536 1413 642 1473 est,
672 1406 816 1460 hisce
846 1407 1003 1477 nugis
1035 1420 1099 1459 ao
1119 1406 1417 1476 quisquiliis
1448 1407 1626 1461 locum
1645 1408 1703 1460 in
1725 1406 1942 1461 historia
1962 1407 2402 1477 chronologiaque
2422 1407 2675 1471 tribuere,
2705 1412 2863 1474 atque

536 1492 823 1547 Eusebium
855 1497 1093 1563 proterea
1126 1493 1359 1563 culpare,
1407 1492 1545 1563 quod
1579 1509 1615 1545 a
1645 1493 1901 1547 fabulosis
1934 1493 2127 1549 delitiis
2161 1494 2430 1547 abstinens
2464 1497 2658 1546 certam
2689 1489 2866 1543 inierit

536 1579 702 1643 viam,
733 1593 840 1649 qua
870 1576 1000 1632 haec
1022 1577 1089 1631 ad
1110 1576 1381 1632 historiam
1403 1578 1833 1633 accommodaret.
1886 1579 2145 1643 Quoniam
2163 1579 2327 1649 igitur
2348 1578 2752 1648 Aegyptiorum,
2785 1575 2865 1628 uti

535 1663 766 1718 diximus
779 1704 793 1729 ,
826 1662 978 1717 initia
1011 1664 1384 1717 obscurissima
1409 1671 1559 1729 sunt,
1587 1663 1775 1718 harum
1796 1665 2154 1735 dynastia-um
2174 1666 2460 1719 novissima
2479 1670 2718 1733 tempora
2737 1678 2862 1715 con-

536 1750 822 1804 sideremus
835 1788 849 1813 ,
883 1765 1106 1819 quorum
1135 1747 1356 1805 historia
1377 1750 1580 1815 certior,
1612 1756 1674 1803 ut
1695 1749 1916 1805 effusam
1937 1750 2236 1805 fabularum
2256 1750 2525 1804 lasciviam
2549 1748 2864 1819 quibusdam

534 1836 771 1889 terminis
794 1851 856 1889 sc
876 1835 1133 1889 limitibus
1154 1851 1502 1891 coerceamus.
1537 1834 1825 1906 Cambyses
1849 1852 2005 1902 anno,
2028 1842 2089 1890 ut
2108 1844 2258 1890 autor
2280 1842 2364 1889 est
2381 1835 2688 1900 Herodotus,
2710 1832 2863 1903 regni

539 1921 625 1975 sui
646 1922 831 1991 quinto
856 1922 1182 1993 expugnavit
1199 1921 1523 1992 Aegyptum,
1554 1922 1715 1992 paulo
1737 1928 1858 1993 post
1877 1922 2138 1976 Amasidis
2165 1924 2381 1976 obitum.
2432 1921 2512 1974 Ad
2534 1921 2632 1973 hoc
2652 1926 2861 1989 tempus

534 2020 630 2059 sex
664 2012 719 2059 et
737 2007 930 2076 viginti
960 2006 1229 2077 dynastiae
1262 2008 1329 2061 ab
1351 2007 1596 2062 Africano
1629 2014 1983 2074 numerantur,
2014 2009 2140 2062 anni
2160 2008 2311 2062 5159.
2360 2007 2439 2061 De
2462 2006 2736 2076 Cambysis
2769 2021 2862 2058 ex-

532 2092 679 2146 ondio
710 2092 935 2146 dubitari
965 2109 1074 2147 non
1105 2098 1302 2164 potest,
1334 2110 1455 2147 cum
1486 2099 1541 2146 et
1573 2110 1642 2147 ex
1673 2092 1911 2163 hystoria.
1937 2101 1992 2147 et
2009 2110 2081 2147 ex
2104 2094 2464 2149 astronomicis
2487 2091 2860 2147 observationi-

532 2178 634 2233 bus
654 2177 792 2249 apud
812 2178 1169 2233 Ptolemaeum
1190 2179 1532 2249 liquidissime
1554 2185 1774 2233 constet.
1824 2180 2078 2234 Convenit
2099 2185 2274 2233 autem
2295 2194 2431 2233 anno
2455 2194 2563 2249 per.
2586 2179 2680 2232 Iul.
2703 2175 2858 2231 4185.

531 2263 673 2334 Ergo
694 2280 863 2317 annus
885 2264 999 2318 eius
1020 2265 1226 2336 imperii
1248 2265 1503 2335 septimus
1525 2266 1697 2336 coepit
1718 2281 1856 2319 anno
1879 2265 2037 2330 4189,
2062 2282 2217 2335 quem
2241 2282 2357 2319 esse
2379 2264 2656 2319 defluimus
2676 2261 2860 2316 mundi

532 2348 685 2402 8459.
716 2349 763 2402 A
784 2350 981 2404 diluvio
1003 2349 1071 2403 ad
1090 2348 1193 2404 hoc
1210 2356 1418 2421 tempus
1439 2351 1565 2404 anni
1587 2350 1923 2405 decurrerunt
1944 2350 2088 2418 1803,
2113 2364 2216 2422 quo
2239 2353 2408 2423 spatio
2432 2348 2745 2403 continenda
2766 2348 2858 2416 dy·

532 2435 821 2489 nasfiarum
851 2436 1151 2501 intervalla,
1183 2436 1373 2506 quibus
1406 2436 1474 2490 ab
1505 2442 1623 2490 ortu
1644 2437 1893 2491 Abraami
1925 2436 1993 2490 ad
2015 2436 2291 2507 Cambysis
2325 2438 2567 2507 quintum
2599 2434 2856 2488 Eusebius

531 2520 752 2591 imputat
772 2537 940 2575 annos
966 2520 1113 2575 1491.
1147 2521 1252 2576 Sed
1274 2522 1534 2576 Abraamo
1555 2528 1802 2576 nascente
1823 2540 1931 2578 xvi.
1958 2523 2255 2593 dynastiam
2275 2523 2572 2577 inchoatam
2596 2520 2800 2583 scribit;
2824 2533 2860 2571 a

533 2622 636 2677 quo
659 2604 877 2661 discedit
895 2605 1245 2679 Epiphanius,
1280 2606 1372 2680 qui
1392 2625 1529 2664 xvirr
1558 2609 1763 2680 posuit,
1793 2614 1855 2662 ut
1887 2608 2070 2663 eodem
2101 2618 2363 2682 tempore,
2395 2626 2499 2680 quo
2523 2607 2857 2677 Assyriorum

528 2691 838 2747 monarchia
856 2694 1051 2765 coepit,
1073 2694 1363 2766 Aegyptios
1383 2691 1637 2766 regnasse
1654 2695 1940 2749 dixerimus
1952 2735 1965 2760 ,
1989 2712 2112 2750 cum
2131 2697 2338 2750 illorum
2361 2694 2700 2765 primordium
2723 2694 2859 2746 circa

529 2794 728 2833 sanum
749 2795 784 2833 a
804 2779 997 2833 diluvio
1023 2778 1137 2834 1⁵3.
1157 2781 1421 2847 inciderit,
1451 2780 1697 2835 detractis
1724 2781 1945 2835 totidem
1967 2782 2119 2835 annis
2141 2783 2209 2835 ab
2230 2781 2503 2836 intervallo
2516 2821 2530 2845 ‚
2567 2778 2704 2849 quod
2726 2795 2758 2830 a
2780 2778 2857 2831 di-

528 2865 672 2919 luvio
694 2864 761 2918 ad
782 2865 1027 2936 quintum
1049 2865 1327 2937 Cambysh
1347 2868 1714 2938 elapsum‘est,
1746 2868 1872 2921 anni
1901 2874 2211 2938 supererunt
2235 2867 2366 2920 1650
2388 2867 2456 2920 ab
2478 2865 2858 2936 Aegyptiorum

528 2951 677 3004 initio
700 2950 768 3004 ad
790 2949 1087 3021 Cambysen
1105 2967 1273 3023 usque
1294 2957 1350 3006 et
1367 2951 1645 3006 Persarum
1665 2953 1720 3006 in
1743 2954 1984 3024 Aegypto
2008 2953 2332 3007 dominatum
2345 2993 2359 3017 ,
2391 2968 2483 3023 per
2505 2951 2734 3004 Africani
2757 2950 2858 3018 ’dy—

528 3038 753 3106 nasuta,
775 3037 822 3090 si
843 3037 1014 3103 lubet,
1035 3037 1398 3108 dispensandi3
1421 3037 1560 3108 quod
1582 3039 1812 3092 otiosum
1834 3055 1897 3092 ac
1918 3040 2334 3109 nugacissimum
2357 3045 2452 3093 est.
2492 3037 2570 3091 Ad
2595 3051 2855 3090 summam

530 3122 623 3193 qui
642 3122 1084 3192 Aegyptiacorum
1116 3123 1381 3193 originum
1410 3122 1682 3177 historiam
1710 3125 2085 3195 veritatemque
2118 3126 2367 3195 consequi
2395 3122 2591 3189 studet,
2624 3123 2856 3194 postula·

526 3208 673 3261 titias
692 3208 813 3261 illas
830 3207 1087 3279 Scaliger-i
1101 3208 1342 3279 periodos
1364 3213 1420 3262 et
1439 3226 1650 3263 omnem
1667 3209 2022 3280 dynastiarum
2039 3226 2288 3282 pompam
2305 3211 2506 3264 reiiciat
2521 3225 2734 3264 necesse
2758 3212 2855 3274 est,

529 3308 592 3347 ac
614 3294 768 3347 certis
788 3310 847 3347 ss
867 3310 1124 3347 annorum
1142 3294 1429 3348 intervallis
1450 3294 1758 3365 adstringat.

665 3377 729 3430 01
743 3376 797 3430 ἐκ
815 3379 1024 3431 Σικυῶνι
1040 3377 1094 3431 ei
1113 3380 1291 3450 μόνοι]
1327 3379 1411 3434 Ex
1432 3380 1617 3434 eodem
1639 3381 1864 3436 Eusebio
1887 3383 2126 3454 sumpsit.
2165 3382 2270 3435 Sed
2290 3381 2389 3437 hoc
2411 3397 2596 3453 parum
2616 3380 2852 3445 fideliter,

504 3441 669 3534 „quod
690 3464 917 3535 primum
938 3464 1302 3535 Sicyoniorum
1322 3481 1503 3536 regem
1523 3466 1655 3520 facit
1673 3466 1950 3538 Europem‚
1973 3484 2094 3522 cum
2118 3468 2189 3522 sit
2208 3469 2349 3538 apud
2363 3468 2645 3521 Eusebium
2668 3481 2852 3520 secun·

526 3549 642 3604 dus.
704 3549 840 3603 Nam
860 3551 1059 3620 primus
1082 3556 1165 3604 est
1183 3551 1487 3621 Aegialeus,
1519 3554 1610 3622 qui
1629 3554 1780 3606 annis
1801 3571 1878 3607 nn
1899 3555 2156 3623 regnavit.
2209 3553 2340 3607 Huic
2361 3554 2561 3624 Europe
2585 3554 2853 3618 successit,

526 3637 677 3689 cuius
700 3651 840 3689 anno
858 3654 977 3692 xxn
997 3637 1230 3690 nascitur
1249 3638 1556 3692 Abraamus.
1610 3639 2045 3709 Antiquissimum
2066 3638 2167 3692 hoc
2187 3641 2244 3692 in
2266 3640 2474 3710 Europa
2493 3653 2714 3708 regnum
2737 3638 2851 3692 fuit.

528 3721 689 3776 Cuius
710 3722 767 3775 in
797 3722 950 3775 annis
978 3723 1193 3776 minime
1227 3729 1436 3777 autores
1469 3726 1815 3778 consentiunt.
1861 3725 1965 3778 Sed
1997 3741 2186 3796 parum
2218 3724 2498 3778 admodum
2530 3725 2639 3778 fere
2670 3741 2852 3779 onmes

526 3809 723 3861 absunt
754 3823 788 3860 a
820 3808 1071 3872 millenis,
1106 3815 1237 3878 quot
1253 3809 1600 3880 Apollodorus
1632 3810 1773 3882 apud
1800 3810 2083 3864 Eusebium
2115 3816 2368 3864 numerat.
2420 3811 2588 3864 Huius
2620 3812 2772 3881 regni
2805 3811 2854 3863 si

526 3893 736 3946 initium
758 3893 1031 3964 explorare
1054 3894 1311 3960 volumus,
1340 3896 1540 3962 eadem,
1563 3910 1671 3966 qna
1692 3912 1867 3967 supra,
1888 3897 2150 3962 methodo,
2182 3896 2586 3950 considerandus
2610 3902 2692 3950 est
2711 3897 2846 3952 finis.

464 4041 476 4053 ²
525 3977 823 4033 Postremus
846 3978 1211 4048 Sicyoniorum
1231 3996 1417 4051 regum
1440 3982 1743 4053 Zeuxippus
1774 3983 1898 4047 fuit,
1932 3984 2078 4036 cuius
2111 3990 2234 4054 post
2264 3983 2464 4036 obitum
2485 3983 2852 4053 Agamemnon

524 4079 746 4134 regnum
765 4065 897 4118 illud
913 4066 1130 4118 invasit:
1160 4067 1237 4119 ita
1267 4071 1330 4119 ut
1359 4066 1602 4138 deinceps
1623 4084 1775 4138 reges
1796 4069 1929 4121 nulli
1948 4070 2145 4139 proprii
2164 4069 2381 4134 fuerint,
2415 4068 2507 4121 sed
2529 4069 2849 4123 sacerdotes:

526 4151 738 4204 tametsi
756 4156 880 4221 post
899 4151 1230 4222 Zeuxippum
1249 4148 1532 4206 Pausanias
1553 4153 1892 4224 Hippolytum
1914 4169 2163 4223 regnasse
2191 4155 2394 4219 scribit,
2426 4170 2530 4224 quo
2562 4155 2851 4224 imperante

526 4233 789 4304 Sicyoniis
810 4238 1007 4307 potitus
1028 4243 1112 4290 est
1131 4238 1510 4307 Agamemnon.
1563 4239 1722 4292 Addit
1749 4246 1807 4293 et
1825 4239 2166 4293 Lacestadem
2196 4257 2401 4310 regem,
2431 4240 2531 4293 sub
2554 4257 2660 4310 quo
2691 4255 2724 4293 a
2746 4240 2849 4294 Do·

526 4321 785 4374 risnsibus
808 4321 1041 4404 Sicyonii
1061 4324 1266 4377 subacti
1286 4330 1424 4378 sunt.
1476 4324 1696 4378 Constat
1724 4326 1883 4396 igitur
1911 4326 2286 4397 propemodum
2319 4326 2418 4379 sub
2440 4326 2723 4379 Troianum
2758 4343 2849 4380 ex·

527 4406 720 4460 sidium
742 4406 1104 4476 Sicyoniorum
1132 4409 1349 4464 desiisse
1378 4425 1617 4481 regnum.
1670 4412 1898 4483 Tempus
1933 4410 2166 4472 ἁλώσεως
2185 4411 2441 4464 Troianae
2476 4428 2645 4465 annus
2679 4418 2760 4465 est
2791 4399 2868 4466 in'

523 4508 632 4563 per.
652 4493 750 4547 Iul.
771 4492 939 4558 3230„
961 4494 1142 4548 mundi
1158 4494 1326 4560 2000„
1348 4500 1470 4566 post
1490 4496 1743 4550 diluvium
1763 4498 1908 4550 1144.
1945 4496 2115 4560 Quare
2137 4513 2257 4551 cum
2274 4499 2638 4568 Agamemnon
2660 4516 2732 4551 xv
2755 4515 2846 4551 an-

524 4595 622 4633 nos
644 4580 961 4650 regnaverit,
992 4596 1063 4635 ex
1084 4581 1274 4651 quibus
1298 4600 1335 4637 x
1354 4582 1611 4637 Troianae
1634 4583 1891 4638 obsidioni
1912 4583 2218 4655 decerpendi
2239 4591 2388 4650 sunt,
2413 4585 2640 4655 quinque
2661 4586 2844 4655 primis
