3185 5219
2276 409 2564 468 CLXXVII

246 560 592 625 Qun-obsum
617 561 663 615 si
685 575 780 632 pro
804 561 917 633 lin-32
942 561 1021 613 xe&
1044 559 1220 631 εἰκάδι,
1256 557 1396 632 ἰνάτῃ
1422 562 1502 614 καὶ
1526 559 1677 615 εἰκάδι
1701 563 1993 633 scripseris,
2026 561 2308 619 bellissime
2329 564 2468 620 hunc
2490 568 2566 620 lo-

247 662 362 701 m
382 648 692 703 restitueris.
736 646 1062 713 Invenimus,
1084 647 1277 718 inquit,
1310 644 1358 699 ἐν
1382 651 1441 718 τῇ
1464 646 1751 719 προκειμένῃ
1778 647 2026 719 Φαμενὼθ
2051 647 2191 719 ἐνάτῃ
2217 651 2297 703 καὶ
2321 650 2471 704 εἰκάδι
2494 649 2566 723 (ἓν

246 735 303 802 τῇ
324 731 643 802 προκειμένῃ,
668 749 829 804 quam
851 732 917 786 ad
942 731 1347 804 oppugnandum
1371 733 1471 787 sibi
1496 740 1840 805 proposuerat
1862 735 2110 805 cuiusque
2135 737 2190 788 in
2216 738 2565 806 superioribus

243 818 569 888 meminerat)
600 819 765 871 solem
800 833 870 872 π.
902 820 1009 874 iam
1042 818 1179 872 diem
1210 820 1267 871 in
1301 824 1572 888 segmento
1596 819 1783 872 Arietis
1818 821 2150 889 processisse.
2220 821 2414 875 Firmat
2434 822 2566 876 hanc

244 903 594 957 coniecturam
616 909 874 968 nostram,
906 903 1044 974 quod
1068 904 1367 958 Anatolium
1402 909 1602 958 certum
1634 909 1714 957 est
1746 903 1810 958 de
1832 907 2196 975 aequinoctiali
2218 913 2449 977 tempore
2473 908 2567 962 Ca-

244 1003 405 1041 nones
425 989 547 1042 illos
568 990 872 1043 instituisse.
916 987 1049 1043 Hinc
1070 987 1388 1061 Nicephorum
1410 990 1501 1044 lib.
1520 1008 1592 1044 vr.
1615 1005 1729 1060 cap.
1751 1007 1955 1056 xxxvr„
1978 989 2059 1042 καὶ
2083 991 2190 1062 περὶ
2213 996 2297 1059 τῆς
2322 990 2567 1064 ἰσημερίας

244 1078 331 1125 τοῦ
361 1071 538 1146 πάσχα
571 1070 942 1145 ἀκριβεστάτους
973 1071 1117 1144 ὅρους
1152 1072 1385 1135 ὑπέδειξεε
1436 1076 1517 1127 De
1551 1080 1866 1144 aequinoctio
1879 1076 2133 1145 paschali
2157 1081 2569 1132 accuratissimos

246 1175 466 1212 canones
480 1165 667 1214 sanxit.
700 1159 954 1214 Videlicet
974 1175 1094 1214 cum
1114 1159 1193 1224 id,
1218 1160 1357 1230 quod
1378 1161 1433 1214 in
1459 1159 1781 1214 Caesariensi
1805 1161 2005 1230 synodo
2030 1177 2063 1214 a
2083 1161 2368 1232 Theophilo
2392 1162 2571 1218 habita

243 1246 570 1315 propositum
587 1245 779 1311 fuerat,
802 1246 963 1315 vulgo
988 1261 1168 1298 omnes
1194 1247 1541 1315 opinarentur,
1566 1247 1952 1317 aequinoctium
1971 1265 2092 1301 xxv.
2104 1248 2279 1301 Martii
2302 1249 2568 1314 committi,

243 1328 340 1383 hoe
376 1331 554 1401 ipsum
596 1331 861 1401 corrigens
896 1331 1169 1384 Anatolius
1210 1332 1596 1401 aequinoctium
1637 1348 1704 1384 ex
1735 1331 2065 1386 Ptolomaicis
2107 1335 2569 1404 astronomicisque

242 1413 477 1469 fontibus
500 1418 557 1469 in
573 1433 704 1470 1111.
714 1416 889 1470 Martii
910 1417 1193 1471 transtulit.
1229 1416 1386 1469 Vides
1409 1417 1510 1469 levi
1527 1417 1744 1469 voculae
1767 1419 1922 1471 unius
1947 1419 2350 1472 commutatione
2374 1425 2570 1487 quanta

244 1500 643 1571 impeditissimo
666 1499 787 1554 huic
809 1502 926 1556 loco
949 1504 1043 1556 lux
1069 1502 1251 1555 oborta
1274 1501 1358 1554 sit.
1427 1500 1494 1554 Ut
1522 1503 1706 1555 merito
1741 1505 1997 1573 posterius
2029 1502 2126 1557 hoc
2157 1506 2484 1557 verissimum
2517 1510 2571 1556 et

244 1585 310 1638 ad
331 1586 564 1641 Anatolii
586 1592 817 1640 mentem
839 1588 1166 1658 aptissimum
1191 1603 1303 1640 esse
1327 1586 1565 1642 iudicem.
1613 1586 1757 1640 Duae
1781 1590 1972 1658 quippe
1993 1587 2257 1659 paschatis
2282 1589 2569 1660 διαστροφαὶ

244 1671 458 1726 tetidem
484 1688 553 1726 ex
578 1672 1044 1743 aequinoctialibus
1068 1673 1303 1726 terminis
1326 1673 1382 1726 in
1409 1688 1564 1725 usum
1599 1673 2007 1727 ecclesiasticum
2041 1675 2366 1744 irrepserant.
2436 1674 2569 1728 Nam

242 1757 331 1810 alii
350 1773 478 1812 cum
498 1758 823 1828 προηγήσιως
844 1760 1076 1828 τροπικῆς
1098 1758 1271 1828 ignari
1293 1756 1555 1810 cardinem
1577 1772 1795 1811 vernum
1816 1759 1890 1813 ibi
1903 1799 1917 1824 ,
1950 1760 2043 1813 ubi
2077 1775 2111 1812 a
2132 1759 2386 1830 Sosigene
2409 1760 2571 1813 semel

242 1844 444 1913 positus
477 1841 675 1908 fuerat,
706 1845 1010 1909 reu‘nerent,
1042 1842 1238 1914 pascha
1268 1848 1389 1896 ante
1418 1860 1541 1897 xxv.
1572 1843 1750 1896 Martii
1782 1844 2145 1898 celebrandum
2177 1846 2393 1899 minime
2422 1851 2570 1915 puta·

244 1927 394 1994 baut,
428 1928 622 1999 quibus
655 1929 862 1982 obviam
892 1930 1027 1982 itum
1063 1933 1144 1981 est
1166 1928 1514 1983 Caesariensis
1547 1929 1754 1982 concilii
1788 1927 2007 1982 decreto.
2053 1930 2179 1995 Alii,
2213 1936 2274 1983 ut
2295 1931 2471 1984 Iudaei
2493 1948 2571 1985 re·

244 2014 501 2068 eenfiores
534 2019 590 2067 et
618 2015 707 2084 qui
739 2012 955 2068 Iudaeos
979 2014 1340 2085 sequebantur,
1365 2030 1484 2067 cum
1500 2011 1640 2066 haud
1659 2012 1812 2067 dubie
1831 2016 2243 2083 aequinoctium,
2266 2017 2349 2069 vel
2373 2017 2571 2087 ingres·

242 2114 361 2152 sum
383 2099 513 2153 solis
536 2101 593 2152 in
627 2101 840 2152 arietem
864 2099 1066 2170 aliquot
1097 2105 1217 2153 ante
1250 2100 1431 2153 diebus
1464 2099 1694 2152 accidere
1727 2104 1996 2170 putarent,
2027 2098 2224 2170 pascha
2255 2118 2408 2155 suum
2441 2103 2570 2156 anti-

244 2185 505 2255 «ipah-nt.
571 2183 829 2255 Uti-esque
862 2187 918 2239 in
949 2184 1093 2239 hisce
1127 2186 1412 2239 canonibus
1446 2184 1634 2238 refellit
1659 2185 1948 2238 Anatolius.
2016 2184 2218 2239 Priores
2251 2188 2458 2258 quidem
2493 2204 2570 2253 ea,

244 2283 403 2340 qm
427 2270 682 2337 fflxstnm,
716 2271 1029 2342 aequinoctii
1053 2270 1252 2341 epocha
1273 2271 1533 2335 stabilita,
1564 2273 1875 2342 posteriores
1899 2283 2045 2336 vero,
2078 2287 2200 2325 cum
2223 2272 2450 2344 disputat
2470 2275 2573 2343 pri-

242 2372 390 2410 num
420 2372 659 2410 mensem
688 2358 856 2427 primo
888 2356 1125 2427 signiferi
1158 2356 1571 2410 dodecatemorio
1606 2356 1835 2421 definiri3
1872 2371 2029 2426 supra
2062 2372 2218 2427 quem
2249 2363 2570 2428 postremum

242 2442 312 2495 n‘t
340 2447 677 2513 segmentum
708 2443 1010 2512 mensisque
1040 2448 1362 2513 postremus,
1392 2443 1449 2495 in
1483 2458 1586 2512 quo
1620 2439 1920 2512 paschalem
1945 2460 2048 2496 xiv.
2082 2458 2287 2496 sumere
2320 2446 2571 2498 canonica

245 2528 449 2581 sanctio
481 2526 746 2598 prohibet3
783 2528 929 2598 quia,
963 2533 1024 2581 ut
1054 2526 1302 2581 hactenus
1334 2528 1613 2597 probatum
1647 2533 1749 2592 est,
1784 2528 1991 2580 citimus
2021 2529 2274 2581 terminus
2306 2530 2360 2582 in
2392 2531 2568 2600 aequi-

244 2616 478 2668 noctium
500 2615 730 2669 incurrit.
777 2613 845 2667 Et
874 2620 933 2666 ut
962 2615 1218 2684 posterior
1250 2614 1422 2668 cautio
1452 2613 1517 2666 ad
1540 2613 1758 2666 Iudaeos
1781 2620 1835 2666 et
1856 2612 2173 2667 Christianos
2197 2611 2566 2685 Ἰουδαΐζοντας,

248 2700 427 2770 quales
452 2700 796 2754 occidentales
819 2704 873 2752 et
892 2699 1064 2753 Latini
1085 2698 1318 2764 fuerunt,
1341 2700 1546 2770 proprie
1568 2700 1816 2768 pertinet,
1840 2700 1916 2751 ita
1937 2699 2076 2768 prior
2098 2698 2342 2752 adversus
2364 2700 2454 2752 illa
2474 2717 2567 2769 pu-

248 2790 377 2854 gntt
394 2800 534 2855 quae
556 2787 612 2839 in
632 2786 776 2839 Actis
800 2784 1150 2839 Caesariensis
1175 2784 1373 2852 Synodi
1395 2785 1655 2853 leguntur,
1691 2799 1911 2853 quorum
1938 2784 2288 2852 fragmentum
2312 2784 2448 2853 apud
2469 2784 2566 2836 Be-

249 2870 366 2925 dam
397 2872 650 2942 reperitur
679 2876 800 2942 post
832 2871 1065 2924 libellum
1099 2869 1163 2922 de
1196 2869 1553 2939 Aequinoctio.
1611 2867 1672 2921 ln
1706 2868 1893 2938 quibus
1927 2869 2153 2937 primum
2186 2870 2566 2939 aequinoctium

250 2957 425 3010 Martii
446 2974 569 3012 xxv.
596 2957 942 3022 constituitur,
975 2961 1089 3009 tum
1111 2970 1232 3009 vero
1259 2954 1505 3024 quoniam
1529 2952 1762 3006 Christus
1785 2952 1968 3006 eodem
1989 2952 2077 3006 illo
2101 2954 2443 3005 resurrexisse
2467 2953 2565 3018 die,

252 3047 303 3094 st
323 3042 393 3096 ab
415 3060 489 3097 ιι.
511 3041 629 3096 Kal.
651 3057 839 3113 passus
862 3041 1182 3105 credebatur,
1219 3040 1335 3093 ideo
1366 3038 1595 3092 triduum
1629 3038 1694 3091 ad
1715 3037 1987 3111 paschales
2009 3040 2255 3091 terminos
2279 3045 2565 3106 arrogatur,

252 3143 315 3181 ea
350 3128 468 3198 lege
506 3129 849 3198 praescripta,
887 3133 947 3180 ut
979 3127 1048 3179 ab
1082 3143 1154 3179 xi.
1178 3125 1294 3180 Kal.
1322 3126 1442 3195 Apr.
1478 3124 1543 3177 ad
1576 3142 1650 3178 xr.
1672 3124 1787 3179 Kal.
1811 3124 1977 3177 Maias
2009 3120 2264 3191 paschalis
2296 3123 2565 3177 celebritas

252 3213 381 3267 obiri
401 3213 597 3284 possit,
622 3231 683 3266 ns
707 3221 899 3265 tantum
915 3216 1177 3282 passionis
1198 3220 1569 3263 sacramentum
1594 3219 1739 3263 extra
1763 3211 1963 3262 limitem
1986 3208 2301 3262 excludatur.
2373 3208 2476 3261 Sed
2505 3215 2568 3263 ut

250 3298 315 3352 de
334 3297 686 3368 synodalibus
708 3298 810 3351 illis
833 3297 975 3350 Actis
996 3296 1166 3350 dicam
1190 3296 1329 3367 quod
1352 3297 1519 3350 sentio
1533 3336 1546 3363 ‚
1576 3296 1679 3349 fuit
1709 3294 1848 3348 istud
1881 3291 2087 3363 quidem
2109 3294 2423 3362 provinciale
2445 3311 2565 3349 con-

252 3384 428 3438 cilium
444 3384 668 3439 Victoris
690 3398 857 3454 papae
878 3382 1022 3435 iussu
1049 3398 1081 3434 a
1102 3381 1386 3453 Theophilo
1411 3382 1736 3435 Caesariensi
1759 3383 2014 3441 coactum,
2049 3393 2153 3447 quo
2185 3383 2417 3450 tempore
2445 3397 2565 3435 con-

252 3469 507 3522 troversia
524 3469 618 3523 illa
640 3468 704 3522 de
727 3467 972 3539 paschate
994 3466 1345 3521 Christianum
1375 3468 1552 3521 orbem
1573 3464 1899 3519 vehementer
1931 3462 2250 3532 exagitabat.
2322 3464 2425 3518 Sed
2457 3482 2565 3521 non

254 3556 429 3608 maia
444 3568 581 3624 quae
596 3553 805 3609 iuActis
832 3553 935 3607 illis
960 3552 1464 3624 comprehenduntur
1484 3568 1577 3623 pro
1601 3550 1718 3604 fidei
1735 3548 1952 3601 decretis
1969 3546 2204 3601 habenda
2220 3556 2364 3615 sunt,
2385 3566 2566 3605 verum

252 3640 481 3694 rationes
502 3640 744 3710 privatin
768 3654 801 3691 a
822 3638 1056 3709 patribus
1081 3639 1267 3692 allatae
1289 3643 1414 3692 sunt
1432 3639 1729 3707 pleraeque,
1766 3633 1954 3701 quibus
1988 3635 2301 3688 sententiam
2334 3650 2483 3689 suam
2503 3637 2564 3688 il·

254 3726 558 3790 lustrarent,
587 3740 722 3795 quae
752 3740 861 3778 non
890 3725 1037 3795 ipsse
1069 3724 1205 3777 inter
1232 3723 1356 3776 fidei
1378 3721 1624 3789 dogmata
1645 3724 1935 3771 censentur.
1996 3719 2132 3772 Tum
2155 3720 2293 3790 quod
2312 3719 2564 3774 Eusebius

252 3811 339 3865 lib.
358 3829 408 3867 v.
434 3826 544 3881 cap.
564 3827 694 3864 1111.
716 3813 895 3864 narrat
915 3825 1009 3880 per
1029 3809 1167 3861 idem
1188 3814 1390 3877 tempus
1414 3820 1533 3857 cum
1556 3803 1680 3855 alibi
1701 3803 1897 3872 passim
1910 3842 1923 3867 ,
1953 3808 2068 3857 tum
2090 3803 2289 3858 Romae
2309 3821 2344 3857 a
2359 3806 2564 3859 Victore

252 3896 317 3950 de
337 3896 520 3950 eaden
546 3896 848 3966 quaestione
872 3893 1143 3965 synodalia
1165 3892 1364 3945 decreta
1387 3888 1525 3941 edita
1545 3888 1736 3951 fuisse,
1760 3901 1895 3957 quae
1917 3888 1972 3941 in
1995 3889 2212 3942 eandem
2236 3889 2298 3942 de
2319 3889 2565 3960 paschate

252 3981 559 4037 obbmdo
591 3981 949 4052 conspirarent
982 3977 1310 4039 sententiam,
1344 3990 1450 4027 nou
1478 3972 1554 4025 sic
1588 3972 1982 4043 intelligendum
2005 3979 2086 4026 est
2106 3981 2166 4027 ut
2188 3990 2321 4045 quae
2343 3975 2396 4027 in
2419 3976 2563 4028 Actis

250 4067 357 4121 ὥ
386 4067 739 4138 allegarentur
771 4067 946 4120 omnis.
976 4081 1010 4118 a
1038 4060 1281 4133 pontifice
1311 4057 1546 4112 Romano
1581 4058 1802 4128 probata
1834 4058 1940 4110 sint
1971 4064 2025 4111 et
2052 4076 2146 4129 pro
2178 4058 2442 4112 catholicis
2473 4059 2563 4113 do-

253 4153 523 4224 gmatibus
540 4158 774 4223 recepta,
806 4151 897 4205 sed
928 4166 991 4204 ea
1019 4148 1295 4208 duntaxat,
1329 4159 1463 4214 quae
1495 4159 1563 4197 ex
1590 4144 1741 4196 falsis
1772 4144 1874 4197 illis
1905 4144 2171 4214 principiis
2195 4151 2455 4214 utcunque
2477 4146 2562 4198 de-

254 4238 432 4304 ducta,
455 4252 579 4293 vera
600 4238 869 4308 solidaque
889 4240 1088 4306 reperta
1110 4237 1247 4285 sunt.
1284 4228 1586 4283 Cuiusmodi
1609 4230 1903 4282 sanctiones
1924 4229 2046 4281 illae
2061 4228 2292 4292 fuerunt,
2316 4235 2375 4280 ut
2394 4246 2563 4301 neque

253 4325 307 4377 h
340 4340 449 4378 xrv.
472 4324 599 4377 luna
629 4321 824 4393 pascha
853 4321 1024 4385 fieret,
1057 4334 1154 4372 nec
1188 4316 1290 4369 alio
1324 4330 1480 4384 quam
1502 4314 1761 4367 dominico
1785 4314 1890 4376 die;
1921 4311 2058 4383 quod
2091 4319 2204 4365 erat
2223 4316 2559 4383 propositum.

254 4407 499 4479 leliqua,
521 4422 657 4479 quae
676 4406 953 4461 incidentia
972 4404 1073 4457 dici
1095 4406 1336 4473 possunt,
1360 4416 1481 4453 cum
1500 4400 1690 4469 partim
1711 4400 1982 4471 perspicue
2000 4397 2135 4451 falsa
2147 4437 2162 4462 ,
2193 4399 2384 4468 partim
2405 4400 2563 4456 dubia

257 4500 311 4548 et
326 4493 692 4550 ecclesiasticis
717 4490 1003 4547 canonibus
1025 4488 1280 4543 contraria
1302 4486 1426 4550 sint,
1450 4485 1644 4538 nullius
1666 4484 1958 4539 autoritatis
1977 4499 2046 4536 ne
2066 4482 2427 4540 Caesarienses
2451 4490 2559 4558 qui·

257 4579 372 4634 &a
394 4581 495 4651 ipsi
514 4586 689 4651 patres
712 4592 825 4632 esse
847 4576 1145 4639 voluerunt,
1177 4587 1345 4643 neque
1362 4572 1535 4627 Victor
1555 4584 1787 4641 unquam
1808 4568 2126 4640 approbavit.
2171 4569 2247 4623 De
2271 4586 2375 4640 qua
2395 4586 2450 4626 re
2472 4590 2558 4628 su·

258 4680 372 4736 pra,
394 4680 515 4719 em
532 4664 597 4718 ds
611 4664 900 4718 ἀοι-ωηο
914 4667 1147 4731 tempere
1160 4658 1422 4729 passionis
1439 4663 1612 4711 aetum
1634 4661 1740 4720 est,
1764 4654 2008 4709 adversus
2024 4657 2364 4726 quorumdam
2381 4674 2560 4731 super.

358 4769 486 4820 Corp-
503 4768 752 4810 Eaereseol.
770 4766 848 4807 m.
2102 4759 2161 4818 Μ
