3185 5219
596 363 778 426 0010

596 519 787 592 triplici
807 517 1158 578 Antiochense
1188 514 1433 572 ecclesiae
1463 511 1684 572 ‹livor-tio
1713 513 1925 572 eosdem
1947 529 2122 574 rerum
2145 514 2614 572 ecclesi-sticarum
2637 512 2912 583 scriptores

599 608 854 661 consules.

731 692 794 746 N.
818 710 975 746 xxxva
1025 688 1160 756 Πλὴν
1185 686 1233 740 ἐν
1258 686 1323 741 ἐνὶ
1348 687 1519 759 μέρει]
1587 687 1705 741 Non
1727 692 1999 759 propterea
2022 685 2345 740 damnandus
2375 690 2454 740 est
2475 685 2743 749 Meletius,
2777 681 2911 753 quod

597 779 773 832 locum
794 778 943 831 illum
968 792 1038 829 ex
1058 774 1301 828 Proverb.
1325 790 1438 843 cap.
1459 792 1569 828 vm.
1596 770 1623 824 ὅ
1649 772 1754 832 Θεὸς
1778 768 1937 824 {aad
1966 789 2026 842 με
2059 779 2172 836 etc„
2208 772 2270 824 de
2302 772 2533 824 increata
2565 769 2824 840 sapientia
2852 784 2913 821 ac

600 864 681 918 dei
705 864 860 917 verbo
883 863 1251 931 interpretatus
1273 859 1441 913 fuerit.
1509 859 1622 912 Hoc
1656 859 1793 911 enim
1825 858 2058 928 plerique
2089 863 2265 927 patres
2298 856 2553 920 fecerunt,
2587 861 2651 908 ut
2679 854 2913 924 Ignatius

598 950 795 1017 Mar-tyr
817 948 984 1018 Epist.
1006 945 1071 999 ad
1096 946 1269 1010 Trall„
1293 943 1543 999 Athanas.
1571 944 1635 997 de
1658 943 1890 998 Decretis
1912 941 2173 996 Nicaenae
2196 940 2393 1010 Synodi
2419 948 2472 994 et
2493 941 2585 994 alii
2602 931 2912 1010 'complures

731 1033 793 1088 N.
817 1049 1017 1088 xxxvu.
1051 1028 1138 1091 Ἐξ
1161 1029 1324 1081 αὐτῶν
1347 1028 1440 1099 γὰρ
1467 1027 1723 1095 Εὖζώϊος]
1774 1027 2122 1081 Caesariensis
2146 1028 2245 1080 iste
2268 1022 2377 1078 κατ’
2402 1023 2769 1091 ἀντιδιαστολὴν
2794 1024 2913 1078 dici-

597 1126 695 1184 tur,
719 1125 778 1173 ut
801 1119 866 1172 ab
886 1118 1047 1171 altero
1066 1116 1400 1179 discernatur,
1426 1115 1514 1184 qui
1537 1131 1654 1167 cum
1680 1113 1926 1166 diaconus
1945 1112 2323 1166 Alexandrinae
2347 1118 2486 1164 esset
2506 1110 2773 1175 ecclesiae,
2795 1125 2913 1163 cum

597 1205 720 1258 Ario
754 1205 938 1275 pulsus
969 1207 1155 1273 postea
1177 1198 1551 1254 Antiochenam
1585 1199 1763 1252 sedem
1798 1199 2037 1252 obtinuit.
2094 1197 2161 1250 At
2195 1196 2544 1251 Caesariensis
2577 1196 2769 1250 Acacio
2801 1210 2912 1248 suc-

598 1290 784 1343 cedens
808 1303 1161 1342 successorem
1183 1287 1294 1356 ipse
1321 1284 1589 1339 Gelasium
1615 1282 1809 1348 habuit,
1833 1289 1893 1336 ut
1912 1283 2118 1336 Hieron.
2140 1283 2231 1336 lib.
2255 1281 2317 1335 de
2341 1280 2526 1350 Script.
2545 1280 2742 1334 Eccles.
2763 1285 2912 1334 testu-

597 1381 698 1429 tur.
745 1374 856 1438 Quo
882 1374 938 1426 in
969 1373 1100 1426 libro
1131 1371 1311 1428 Euzoii
1342 1371 1554 1442 insuper
1583 1370 1735 1422 istius
1768 1368 2005 1422 meminit
2039 1383 2262 1436 eumque
2295 1367 2476 1420 scribit
2506 1382 2630 1420 cum
2662 1365 2910 1436 Gregorio

600 1459 908 1516 Nazanzeno
933 1455 1204 1528 Thespesii
1222 1455 1441 1510 rhetoris
1466 1454 1752 1508 auditorem
1777 1454 2060 1508 Caesareae
2082 1452 2259 1505 fuisse.
2307 1451 2465 1506 Cuius
2489 1451 2632 1505 urbis
2650 1452 2911 1522 episcopa-

596 1551 710 1600 tum
754 1544 970 1615 adeptus
1007 1544 1230 1613 plurimo
1274 1543 1448 1594 labem
1483 1551 1775 1611 corruptam
1811 1538 2161 1592 bibliothecam
2201 1538 2439 1606 Oriqem's
2479 1548 2525 1590 ec
2558 1535 2823 1607 Pamphili
2858 1540 2911 1590 in

597 1631 900 1683 membranis
921 1632 1218 1681 instaurare
1245 1636 1459 1679 conatus
1491 1635 1590 1690 est,
1627 1627 1699 1678 ad
1729 1634 1993 1678 extremum
2025 1623 2112 1675 sub
2144 1622 2418 1676 Theodosio
2434 1627 2675 1692 principe
2698 1622 2911 1675 ecclesia

595 1718 770 1786 pulsus
793 1723 880 1769 est.

732 1799 796 1853 N.
814 1815 1040 1854 xxxvnr.
1076 1797 1178 1850 Τοῦ
1204 1796 1296 1848 ὑπο
1323 1795 1568 1866 Γεωργίου
1592 1799 1682 1847 τοῦ
1707 1793 2104 1863 Ἀλεξανδρέως.]
2149 1792 2387 1846 Socrates
2409 1792 2499 1848 lib.
2520 1809 2573 1847 ιι.
2601 1808 2712 1863 cap.
2732 1809 2909 1851 xxvm.

599 1891 652 1939 et
673 1884 880 1938 Sozom.
905 1884 996 1937 lib.
1021 1902 1091 1940 xv.
1117 1899 1230 1953 cap.
1255 1901 1326 1936 ιι.
1362 1883 1574 1936 Aetium,
1607 1881 1842 1934 scribunt
1874 1896 1908 1933 a
1938 1878 2157 1932 Leontio
2192 1879 2386 1933 evirato
2408 1875 2717 1932 Antiochiae
2746 1876 2910 1931 diaeo·

597 1987 724 2025 num
749 1970 1074 2036 ordinatum,
1097 1968 1235 2040 quod
1258 1973 1311 2021 et
1332 1966 1519 2021 Suidas
1545 1983 1605 2020 ac
1630 1964 1948 2036 Nicephorus
1972 1964 2225 2035 sequitur.

976 2158 1066 2212 AD
1100 2155 1448 2212 HAERESm
1479 2154 1733 2219 LXXIV„
1764 2150 2537 2208 PNEUMATOMAGRORUM.

731 2269 809 2322 De
841 2266 1323 2322 Pneumatomachis
1370 2281 1653 2336 eorumque
1691 2265 1921 2335 principe
1960 2263 2265 2318 Macedonio
2300 2264 2412 2333 agit
2444 2261 2689 2316 Socrates
2734 2260 2821 2315 lib.
2850 2277 2906 2317 rr.

600 2370 714 2426 cap.
733 2369 892 2408 xxxv.
917 2354 1122 2408 sozom.
1145 2354 1324 2408 lib.1v.
1349 2368 1458 2423 cap.
1478 2369 1585 2406 xix.
2542 2375 2545 2378 ·

1145 2541 1235 2595 AD
1270 2537 1616 2594 HAERESIM
1647 2537 1883 2603 LXXV„
1918 2535 2375 2592 AERIANORUM.

737 2651 799 2706 N.
822 2671 860 2707 r.
903 2650 1066 2724 Ὅπερ
1098 2651 1145 2705 ἐν
1177 2658 1249 2724 τῷ
1273 2653 1450 2723 Πόντῳ
1475 2650 1735 2718 tamtan]
1779 2650 1906 2704 Vide
1941 2649 2233 2704 Nazanzeni
2268 2650 2560 2720 elegantem
2592 2648 2743 2703 illam
2774 2646 2943 2703 Orat.-

604 2737 709 2810 περὶ
734 2737 1089 2807 Φιλοπτωχίας
1111 2744 1164 2792 et
1183 2738 1393 2792 Nicetae
1418 2738 1482 2791 ad
1506 2754 1623 2791 eam
1647 2735 1898 2792 scholion.

735 2822 828 2875 Καὶ
850 2822 963 2883 τοὺς
980 2820 1347 2893 λελωβημένους
1369 2821 1450 2875 καὶ
1466 2820 1773 2889 domerhom]
1799 2821 2009 2893 Proprie
2032 2815 2297 2879 ἀδυνάτους
2315 2819 2582 2891 appellant
2602 2823 2911 2875 consur-ios.

601 2909 730 2963 Vide
753 2908 1208 2979 Harpocrationem
1232 2914 1284 2961 et
1304 2909 1515 2977 Lysiam
1540 2908 1680 2962 Orat.
1706 2905 1812 2977 περὶ
1835 2910 1922 2957 τοῦ
1947 2902 2230 2960 Ἀδυνὰτου.

737 2993 962 3064 Νομίσειε
986 2990 1032 3045 δ’
1058 2987 1114 3043 ἄν
1137 2993 1245 3062 τις]
1311 2993 1387 3046 De
1415 2992 1684 3047 Eustathio
1709 2991 1994 3046 Sebasteno
2019 2990 2105 3043 adi
2124 2995 2328 3061 praeter
2350 2991 2819 3047 ecclesiasticarum
2838 3007 2911 3044 re-

602 3097 719 3133 rum
744 3080 1018 3149 scriptores
1041 3076 1295 3130 Basiliam
1316 3077 1476 3148 Epist.
1496 3096 1690 3142 mxxiv„
1714 3083 1765 3130 et
1787 3077 1901 3130 aliis
1926 3075 2237 3146 quibusdam
2258 3076 2615 3147 sequentibus.
2676 3077 2827 3131 Hunc
2849 3076 2911 3129 ab

604 3166 765 3217 altero
800 3162 1031 3216 eiusdem
1063 3162 1289 3215 nominis
1320 3161 1614 3228 Eustathio,
1650 3163 1740 3232 qui
1772 3163 1827 3215 in
1854 3161 2145 3232 Gangrensi
2178 3161 2376 3231 synodo
2412 3162 2789 3217 condemnatus
2822 3167 2912 3225 est,

605 3249 866 3301 diversum
899 3263 1012 3301 esse
1049 3246 1230 3316 probat
1263 3245 1507 3300 adversus
1541 3247 1835 3312 Socratem,
1868 3246 2216 3301 sozomenum
2252 3254 2304 3300 et
2343 3252 2599 3314 caeteros,
2638 3248 2699 3301 in
2729 3246 2911 3301 Annal.

603 3333 862 3386 Batonius
886 3330 951 3385 ad
976 3348 1022 3384 a.
1042 3329 1157 3384 319.

739 3413 917 3479 ’Ἔδοξε
943 3414 995 3467 δὲ
1019 3415 1099 3467 καὶ
1123 3413 1245 3485 πρὸς
1269 3413 1524 3485 Διβέριον.]
1560 3416 1918 3471 Macedoniani
1941 3416 2038 3471 sub
2058 3418 2275 3471 Valente
2294 3418 2605 3488 imperatore
2626 3418 2695 3472 ab
2710 3418 2915 3471 Arianis

607 3502 841 3573 oppressi
862 3502 1064 3571 legatos
1087 3500 1154 3553 ad
1175 3501 1439 3554 Liberium
1461 3516 1651 3570 papam
1673 3501 1953 3568 destinant,
1983 3501 2313 3557 Eustathitim
2345 3502 2719 3568 Sebastenam,
2750 3502 2917 3557 Silva·

606 3605 732 3642 num
749 3587 1059 3641 Tarsensem
1082 3592 1132 3640 et
1155 3586 1309 3651 alios,
1331 3602 1423 3656 per
1447 3602 1575 3655 quos
1600 3582 1663 3646 εἰς
1685 3586 1743 3637 τὸ
1768 3584 1996 3658 ὁμούσιον
2019 3588 2403 3641 consentientes
2424 3589 2621 3660 recepti
2641 3594 2778 3642 sunt.
2813 3586 2916 3641 Sed

605 3689 669 3725 ea
700 3673 916 3726 consilia
947 3673 1016 3725 ab
1037 3671 1272 3725 Eudoxio
1305 3677 1487 3742 postea
1520 3670 1807 3724 disturbata
1835 3679 1971 3727 sunt.
2013 3673 2142 3727 Vide
2176 3672 2444 3727 Socratem
2476 3674 2569 3728 lib.
2590 3692 2671 3730 m.
2705 3689 2819 3744 cap.
2842 3690 2917 3728 ιι.

603 3757 906 3812 Eustathius
927 3774 1084 3828 porro
1103 3756 1294 3811 Liberii
1320 3756 1581 3827 pontificis
1614 3756 1776 3809 literis
1806 3755 1966 3811 fretus
1998 3758 2053 3811 in
2076 3758 2365 3828 Tyranensi
2396 3759 2615 3814 concilio
2648 3759 2916 3813 restimtns

605 3847 698 3896 est.
744 3840 972 3896 Basilius
995 3844 1049 3895 in
1071 3843 1233 3913 Epist.
1254 3860 1421 3897 mxu.
1448 3847 1499 3894 et
1522 3858 1737 3898 num.

738 3927 800 3982 N.
824 3945 901 3981 111.
949 3927 1042 3979 Καί
1078 3946 1217 3998 φησι,
1254 3926 1300 3978 τί
1333 3924 1459 3978 ἐστιν
1494 3924 1798 3993 ἐπίσκοπος]
1867 3926 2038 3980 Habes
2070 3929 2126 3981 in
2152 3928 2390 3983 Aerianis
2426 3945 2734 4001 expressam
2766 3929 2916 3983 huius

606 4014 855 4084 temporis
876 4012 1251 4066 haereticorum
1271 4011 1573 4081 imaginem.
1626 4010 1794 4075 Quare
1825 4027 1944 4065 cum
1973 4012 2179 4066 illorum
2213 4013 2483 4083 dogmata,
2517 4016 2708 4085 quibus
2743 4031 2914 4069 recen-

607 4100 763 4152 tiores
788 4099 875 4151 isti
896 4099 1298 4169 patrocinantur,
1323 4096 1536 4149 damnat
1558 4112 1618 4148 ac
1636 4095 1824 4149 refellit
1841 4095 2179 4167 Epiphanius,
2200 4099 2413 4169 plenum
2434 4101 2707 4171 gravitatis
2730 4100 2915 4155 autori·

607 4184 831 4254 tatisque
853 4183 1099 4236 iudicium
1121 4183 1178 4234 in
1202 4180 1412 4234 eosdem
1433 4183 1575 4251 ipsos
1597 4179 1912 4250 pronuntiat.

744 4266 842 4335 Τὴν
868 4264 1145 4338 οἰκονομίαν
1170 4270 1251 4333 τῆς
1275 4265 1540 4334 λατρείας.]
1586 4265 1718 4329 Quid
1742 4267 1810 4318 sit
1832 4266 2029 4320 dicetur
2050 4266 2116 4319 ad
2138 4267 2533 4339 Expositionem
2554 4270 2717 4326 Fidei.

743 4352 803 4405 N.
827 4371 895 4406 tv,
931 4350 1023 4403 Καὶ
1046 4349 1119 4403 ὅτι
1144 4349 1228 4422 μὲν
1253 4347 1525 4422 ἀφροσύνης
1547 4348 1715 4418 ierim]
1754 4350 2045 4421 Disputavit
2066 4352 2129 4406 de
2152 4370 2215 4406 ea
2238 4356 2537 4424 quaestione
2561 4356 2917 4426 copiosissime

609 4435 864 4491 Batonius
888 4436 952 4488 ad
976 4453 1170 4489 annum
1194 4453 1348 4500 svm,
1384 4435 1472 4488 ubi
1493 4434 1853 4489 difficillimum
1877 4454 1943 4491 ex
1965 4437 2264 4509 Hieronymi
2296 4441 2570 4495 autoritate
2598 4442 2793 4495 nodum
2817 4441 2914 4495 dis-

612 4520 790 4583 solvit,
820 4521 908 4589 qui
935 4521 988 4573 in
1011 4520 1241 4590 Epistola
1262 4538 1457 4575 mxxv.
1480 4520 1544 4572 ad
1567 4520 1850 4591 Evagrium
1870 4520 2003 4579 nihil
2022 4524 2146 4579 olim
2168 4525 2443 4597 episcopos
2464 4527 2599 4579 inter
2621 4541 2685 4580 ac
2708 4527 2911 4597 presb}-

612 4610 748 4657 ter-os
771 4603 932 4658 fuisse
954 4605 1261 4660 discriminis
1286 4606 1571 4659 affirmasse
1594 4606 1808 4661 videtur.
