3185 5219
412 921 455 960 p.
476 907 564 950 132.

438 4603 479 4642 p.
500 4591 588 4632 133.

612 409 830 467 cxvm

748 564 1019 619 Postremo
1037 565 1093 618 in
1110 564 1568 634 seraDionysisna
1584 570 1735 619 extra
1751 565 2128 620 dubitationem
2147 571 2241 630 est,
2260 564 2522 621 Christum
2537 565 2766 636 Aug-usti
2782 583 2948 629 xum,

613 651 826 705 Actiaco
845 668 967 705 vero
988 669 1115 705 xxx.
1140 656 1323 704 natum
1346 666 1480 704 esse.
1513 650 1664 714 Quod
1686 652 1734 705 si
1749 669 1836 705 11..
1851 691 1866 716 ,
1887 652 1972 704 vel
1990 668 2097 705 ιιι.
2127 650 2329 706 Iuliano
2353 667 2421 705 ex
2445 653 2667 706 aliorum
2689 651 2950 705 sententis

618 745 761 791 ortus
797 743 960 802 esset,
994 736 1047 791 id
1080 735 1137 790 in
1162 755 1411 802 xxxvm„
1444 737 1526 790 vel
1549 755 1733 791 xxxix.
1756 736 2040 822 lulianum,
2064 737 2334 791 Actiacum
2357 753 2479 791 vero
2503 755 2652 804 xxv„
2677 738 2762 791 vel
2783 755 2950 802 xm„

613 824 927 877 conveniret.
2461 859 2470 866 -

752 908 1062 974 Γεννηθέντος
1088 908 1142 960 δὲ
1166 908 1320 960 αὐτοῦ
1344 907 1452 979 περὶ
1476 907 1559 959 τ’σν
1584 905 1954 979 Ἰαννουᾶιριον.]
1996 908 2464 963 Luculeutissimus
2486 908 2570 963 bic
2592 910 2745 963 locus
2767 914 2877 975 est,
2899 910 2953 962 in

618 1012 721 1065 quo
752 997 981 1048 natalem
1004 993 1195 1048 Christi
1226 994 1364 1048 diem
1397 994 1792 1047 accuratissime
1824 995 2219 1050 circumscribit.
2283 995 2350 1049 Et
2369 995 2580 1066 quidem
2603 1010 2652 1048 a.
2671 995 2721 1048 d.
2740 1011 2856 1048 vm.
2879 994 2953 1048 ld.

616 1080 742 1144 Ian„
760 1078 861 1132 hoc
884 1087 965 1133 est
986 1081 1216 1135 Ianuarii
1226 1098 1317 1144 v1.‚
1341 1080 1397 1133 in
1421 1096 1579 1150 quem
1596 1078 2007 1150 Epiphaniorum
2028 1080 2221 1134 festum
2244 1081 2439 1146 incidit,
2463 1087 2648 1135 natum
2671 1087 2955 1145 asserent,

618 1183 685 1219 ex
710 1168 974 1220 communi
999 1167 1375 1237 Aegyptiorum
1398 1166 1684 1230 sententia,
1719 1165 1783 1219 de
1813 1182 1918 1236 qus
1948 1166 2168 1220 sabiniis
2190 1165 2426 1221 nonnihil
2449 1166 2781 1220 disseremus.
2854 1165 2957 1220 Sed

616 1253 844 1322 primum
878 1253 1119 1320 singulae
1152 1258 1445 1323 temporum
1478 1253 1775 1305 notationes
1809 1252 1974 1305 obiter
2006 1252 2384 1323 percurrendae
2424 1258 2580 1323 atquo
2612 1251 2958 1305 illustrandas

617 1343 760 1392 sunt.
808 1338 958 1391 Hunc
984 1338 1146 1407 igitur
1168 1338 1305 1390 diem
1327 1338 1584 1408 imprimis
1611 1356 1682 1391 ιι.
1705 1337 1841 1407 Tybi
1863 1354 1979 1391 esse
2009 1338 2191 1391 scribit
2220 1340 2276 1392 in
2300 1354 2438 1392 anno
2462 1338 2706 1392 videlicet
2726 1337 2958 1401 Actiaco,

618 1425 726 1476 sive
762 1423 1023 1492 Aegyptio
1068 1423 1299 1488 Iuliano,
1342 1424 1491 1477 cuius
1527 1422 1697 1476 Thoth
1731 1422 1873 1477 fixus
1917 1428 2000 1476 est
2032 1440 2176 1477 xxrx.
2212 1423 2466 1494 Augusti,
2508 1424 2791 1478 neomenia
2824 1421 2960 1492 Tybi

618 1527 783 1563 xxm.
808 1509 932 1561 Dec.

756 1591 894 1645 Κατὰ
916 1594 1129 1663 Σύρους,
1154 1593 1308 1644 εἷτουν
1331 1591 1625 1663 ‘’Eume-<J
1673 1593 2121 1664 Syromeeedonne
2145 1593 2417 1665 intelligit,
2447 1593 2560 1648 sive
2583 1592 2961 1656 Antiochum

622 1679 711 1748 qui
732 1677 988 1732 lulianam
1014 1680 1138 1731 anni
1159 1679 1381 1732 formam
1405 1686 1735 1748 receperunt,
1758 1694 2058 1750 quanquam
2084 1679 2292 1733 illorum
2314 1695 2436 1733 aera
2452 1679 2676 1733 triennio
2694 1679 2962 1732 Iulianum

620 1779 818 1816 annum
841 1763 1125 1828 antecedit;
1150 1765 1539 1835 appellaturque
1558 1764 1903 1834 χρηματισμὸς
1921 1768 2006 1830 τῆς
2023 1762 2335 1835 Ἀντιοχείας,
2360 1765 2499 1835 quod
2517 1782 2579 1818 eo
2597 1781 2738 1819 anno
2755 1762 2788 1830 ἦ
2815 1763 2964 1816 αὖτο-

623 1849 769 1919 νομία
792 1848 1125 1902 Antiochenis
1148 1850 1407 1919 permissa
1440 1857 1490 1902 et
1520 1849 1686 1902 Iulius
1710 1849 1901 1903 Caesar
1929 1850 2156 1903 dictator
2171 1849 2476 1903 Antiochiae
2498 1851 2844 1904 renunciatus
2869 1854 2964 1914 est,

622 1934 913 1998 Artemisii‚
948 1935 1057 1987 sive
1080 1936 1232 2000 Maii,
1265 1953 1417 1990 xxm.
1445 1934 1633 1987 Chron.
1657 1936 1806 1988 Alex.
1829 1952 1882 2006 p.
1900 1934 2019 1988 438.
2063 1935 2161 1988 Est
2191 1934 2275 1988 hic
2309 1950 2478 1989 annus
2501 1934 2659 1988 Urbis
2677 1933 2824 2000 706„
2861 1951 2964 2005 quo

623 2021 818 2074 Caesar
840 2022 976 2073 victo
1000 2020 1247 2092 Pompeio
1272 2037 1446 2074 rerum
1468 2022 1666 2092 potitus
1690 2026 1797 2085 est,
1821 2036 1925 2091 per.
1945 2021 2040 2074 Iul.
2056 2017 2235 2086 4666„
2260 2022 2414 2074 annis
2437 2027 2557 2074 snte
2581 2020 2966 2091 Dionysiana-1

623 2124 801 2162 aeram
818 2125 1004 2170 xnvm,
1029 2114 1149 2159 ante
1172 2108 1399 2177 primum
1423 2108 1683 2161 Iulianum
1707 2107 1899 2171 tribus,
1923 2113 1984 2159 ut
2005 2122 2072 2159 ex
2091 2106 2315 2177 Evagrio
2339 2106 2542 2177 colligit
2565 2106 2808 2177 Scaliger
2824 2106 2966 2177 Ing.

624 2194 752 2250 Can.
779 2194 813 2246 1.
834 2213 910 2248 ιιι.
936 2211 985 2264 p.
1006 2193 1151 2256 295.;
1176 2195 1366 2246 rectius
1390 2209 1548 2262 quam
1572 2193 1626 2245 in
1651 2192 1739 2247 lib.
1759 2209 1829 2246 tv,
1867 2192 1930 2246 de
1961 2192 2179 2246 Emend.
2202 2193 2383 2263 Temp.
2410 2208 2461 2262 p.
2481 2191 2598 2246 226.
2616 2234 2630 2258 ,
2664 2193 2760 2246 ubi
2783 2192 2967 2246 Antio-

624 2279 895 2333 chensium
928 2296 1104 2332 aeram
1139 2280 1205 2332 ab
1235 2278 1459 2332 editione
1470 2278 1686 2360 ,Iuliana
1716 2276 1946 2331 inchoari
1980 2285 2180 2343 censet,
2215 2279 2366 2332 annis
2399 2283 2521 2331 ente
2554 2275 2752 2331 Christi
2784 2293 2966 2332 aeram

625 2383 776 2430 xcv„
811 2383 878 2418 ex
914 2365 1127 2419 Eusebii
1168 2366 1467 2428 autoritate,
1502 2364 1589 2434 qui
1622 2379 1820 2416 annum
1844 2361 2272 2417 Antiochensium
2294 2362 2412 2418 325.
2449 2362 2654 2416 confert
2679 2364 2738 2416 in
2763 2379 2967 2417 aunum

626 2450 819 2504 Christi
836 2451 950 2504 280.
987 2451 1090 2504 Sed
1113 2466 1311 2520 magna
1332 2449 1460 2503 haec
1480 2448 1818 2502 hallucinatio
1843 2455 1939 2501 est.
1975 2448 2110 2502 Nam
2126 2448 2386 2503 Eusebius
2409 2449 2464 2502 in
2489 2447 2707 2502 Chron.:
2729 2448 2969 2503 Secundo

627 2556 760 2590 anno
786 2538 965 2600 Probi,
989 2538 1183 2607 inquit,
1207 2542 1353 2589 iuxta
1381 2535 1724 2588 Antiocheam
1741 2549 1969 2587 cccxxv.
1995 2539 2294 2605 annuas-ait.
2339 2535 2499 2605 Atqui
2521 2534 2679 2588 Probi
2701 2534 2971 2589 secundus

627 2624 877 2694 competit
909 2640 1046 2677 anno
1082 2640 1233 2677 aerae
1267 2623 1587 2677 Christianae
1614 2637 1934 2686 ccnxxvm„
1967 2637 2072 2691 quo
2107 2637 2247 2675 anno
2280 2622 2452 2691 coepit
2483 2625 2573 2672 τοῦ
2608 2625 2971 2691 mmmm-repo&

626 2708 1055 2763 Antiochensium
1078 2725 1248 2762 annus
1273 2724 1501 2762 cccxxv.
1549 2707 1640 2760 Sic
1670 2708 1810 2760 enim
1833 2706 2195 2761 Antiochensis
2227 2722 2381 2759 aerae
2413 2707 2614 2776 primus
2647 2722 2822 2760 annus
2847 2707 2970 2761 Dio-

626 2796 906 2864 nysianam
931 2810 1107 2847 aerum
1132 2812 1317 2848 xum.
1341 2794 1521 2848 solidis
1551 2794 1703 2846 annis
1738 2793 2031 2846 antecessit.
2100 2791 2324 2846 Necesse
2359 2797 2441 2845 est
2473 2793 2637 2863 igitur
2671 2808 2797 2846 cum
2831 2809 2973 2846 anno

626 2880 781 2934 Probi
804 2900 861 2934 n.
899 2887 951 2932 et
973 2879 1295 2950 Dionysisno
1316 2896 1587 2934 ccnxxvu.
1612 2878 1854 2950 componi
1875 2876 2307 2931 Antiochensium
2330 2892 2482 2930 aerae
2505 2892 2762 2933 cccxxrv.
2787 2878 2974 2932 laben·

628 2973 760 3035 tem,
797 2973 849 3019 et
878 2967 1143 3018 ineuntem
1171 2981 1426 3029 cccxxv.,
1460 2965 1608 3034 cyclo
1633 2965 1760 3018 solis
1785 2982 1854 3017 vr.
1889 2964 2044 3016 lunae
2067 2981 2164 3017 xn.
2225 2962 2302 3016 De
2325 2963 2472 3017 initio
2497 2963 2654 3016 Probi
2673 2962 2885 3017 dicetur
2908 2963 2974 3017 ad

627 3052 720 3106 lib.
748 3052 810 3104 de
834 3053 1001 3105 Mens.
1029 3062 1080 3104 et
1102 3051 1439 3104 Ponderibus.
1490 3051 1653 3113 Anni,
1684 3055 1743 3103 ut
1766 3049 1961 3101 dictum
1985 3056 2089 3113 est,
2121 3049 2292 3101 forma
2313 3049 2518 3102 Iuliana
2539 3048 2670 3113 fuit3
2705 3049 2975 3103 meusium

630 3137 813 3189 eadem
839 3153 969 3205 quae
993 3136 1130 3206 apud
1154 3137 1418 3189 Romanos
1443 3135 1743 3204 descriptio,
1781 3150 1938 3204 quam
1967 3135 2024 3189 in
2047 3135 2286 3204 sequenti
2302 3134 2554 3188 laterculo
2576 3135 2977 3206 proponendam

629 3221 943 3291 putavimus.

716 3372 1175 3429 LATERCULUM
1206 3374 1526 3428 MENSIUM
1560 3372 2171 3439 ANTIOGHENORUM,
2206 3373 2359 3429 SIVE
2394 3372 2900 3429 ΣΥΡΟΕΛΔΗΝΩΝ.

1342 3476 1610 3537 Memmio-3
1849 3474 2125 3529 Ianuarius

1342 3561 1557 3631 Περίτιος
1850 3560 2165 3615 Februarius

1342 3648 1560 3718 Δύστρος
1851 3647 2072 3701 Martius

1344 3732 1582 3794 Ξανθικός
1851 3732 2043 3802 Aprilis

1342 3816 1642 3888 Ἀρτεμίσιος
1851 3818 2025 3869 Maius

1344 3904 1538 3964 Δαίσιος
1853 3902 2035 3956 lunius

1342 3987 1563 4059 Πάνεμος
1853 3988 2015 4041 Iulius

1342 4076 1484 4145 Λῷος
1854 4075 2126 4143 Augustus

1345 4160 1607 4229 Γορπιοίῖος
1853 4158 2159 4228 September

1345 4244 1742 4314 Ὑπερβερεταῖος
1857 4244 2080 4297 October

1348 4330 1461 4390 Δῖος
1857 4327 2150 4381 November

1348 4412 1644 4477 Ἀπελλαῖος
1857 4413 2144 4467 December

777 4585 917 4649 Quae
938 4587 1203 4640 mensium
1227 4585 1503 4638 concordia
1525 4602 1592 4638 ex
1619 4586 1854 4649 Socrate,
1877 4584 2128 4655 Evagrio,
2153 4583 2339 4651 suida,
2362 4591 2603 4641 veterum
2622 4586 2986 4646 Ooueifiorum

640 4671 1065 4742 inscriptionibus
1101 4676 1155 4724 et
1186 4670 1405 4724 infinitis
1437 4669 1557 4723 aliis
1586 4669 1900 4725 testimoniis
1935 4668 2094 4724 fidem
2126 4675 2369 4724 meretur.
2437 4670 2574 4725 lund
2594 4688 2726 4728 vero
2760 4680 2987 4742 constat,
