3185 5219
603 359 819 417 mn

603 531 672 569 ex
696 515 795 569 hoc
818 515 964 570 fonte
983 530 1091 569 non
1115 514 1244 567 satis
1266 517 1450 567 cautae
1471 513 1911 584 interpretationis
1927 513 2063 568 falsa
2081 514 2142 568 de
2159 512 2342 585 Epiph.
2360 512 2659 567 testimonio
2678 513 2935 567 sententia

604 600 872 671 profluxit.
919 601 1230 671 Quanquam
1251 617 1356 653 non
1387 599 1517 652 illud
1549 601 1881 669 ignoramus,
1911 617 1945 652 a
1965 601 2229 654 nonnullis
2255 600 2604 654 Hebraeorum
2636 599 2933 653 doctoribus

604 689 852 742 coelestes
885 688 1037 741 orbes
1070 688 1247 741 anima
1276 686 1725 757 intelligentiaque
1748 686 2010 757 praeditos
2034 687 2339 741 existimari.
2386 685 2554 750 Quam
2577 685 2745 738 Rabbi
2766 686 2930 739 Mesia

606 774 904 844 opinionem
926 772 1092 826 David
1113 771 1318 828 Kimchi
1340 774 1395 826 in
1417 772 1609 826 Psalm.
1631 772 1763 825 XIX
1785 770 1867 825 his
1889 772 2062 826 verbis
2086 773 2336 843 explicate
2361 776 2505 861 pq&
2530 776 2725 834 fluv:
2751 777 2931 832 :qm

602 864 725 923 :m
761 864 931 923 πων-τ
975 864 1045 920 *z
1080 860 1383 921 :imon
1427 829 1581 929 ’w
1618 859 1941 922 :innon
1973 864 2190 919 manin
2227 859 2488 920 r-mm
2521 864 2637 919 *an
2674 860 2932 918 :nnn

603 954 978 1017 munem
1019 926 1219 1027 'vab
1255 956 1498 1017 ωηο-ιν
1521 924 1834 1025 :whom
1869 956 2020 1013 mn
2057 921 2356 1025 nibzbm
2398 958 2468 1013 ³:
2504 923 2930 1021 vnio-stram

602 1016 759 1121 §5⁶12
797 1055 956 1110 nam
992 1052 1185 1109 Ἶῇπκε
1223 1047 1394 1099 Babba·
1415 1048 1603 1111 Moses,
1627 1047 1821 1117 inquit,
1853 1065 2021 1099 vocem
2044 1048 2215 1110 illam,
2239 1052 2504 1109 enarrant,
2529 1050 2605 1097 sic
2630 1048 2855 1116 expom‘t,
2879 1053 2934 1096 ut

606 1135 681 1187 ad
702 1136 937 1188 coelestes
959 1136 1105 1188 orbes
1125 1138 1347 1203 reserat,
1382 1138 1616 1202 quoniam
1649 1132 1779 1185 baec
1812 1134 1952 1185 illius
1983 1150 2047 1184 ac
2064 1131 2476 1202 philosophorum
2501 1135 2668 1202 opinio
2692 1140 2788 1194 est,
2823 1147 2931 1182 coe-

601 1221 746 1272 lestes
769 1221 913 1273 orbes
934 1226 1104 1274 vivere
1128 1229 1177 1273 et
1196 1221 1479 1288 intelligere
1502 1238 1568 1271 ac
1587 1221 1732 1271 deum
1756 1220 1945 1282 colere,
1969 1221 2262 1288 summisque
2285 1218 2521 1271 laudibus
2543 1220 2768 1287 afficere.
2797 1215 2931 1268 Hine

600 1306 878 1359 caelicolas
898 1305 1119 1360 Iudaeos
1142 1305 1209 1359 ab
1230 1303 1633 1375 Imperatoribns
1657 1303 1782 1357 Cod.
1806 1304 1869 1357 de
1891 1303 2093 1357 Iudaeis
2118 1310 2169 1358 et
2191 1303 2463 1358 Caelicolis
2485 1303 2735 1374 appellari
2756 1306 2932 1354 censet

597 1389 852 1445 Batonius
885 1392 1002 1446 loco
1035 1392 1216 1457 citato,
1250 1391 1389 1462 qnod
1420 1395 1561 1444 astra
1595 1391 1901 1460 coelumque
1933 1391 2175 1444 colerent.
2243 1390 2310 1443 At
2333 1388 2568 1459 Scaliger
2597 1388 2825 1441 nominis
2849 1402 2929 1440 ra-

596 1477 792 1532 tionem
817 1477 969 1532 affert
990 1478 1164 1532 aliam.
1216 1476 1293 1531 De
1318 1493 1422 1548 qua
1447 1478 1512 1530 ad
1534 1477 1774 1530 ultimam
1797 1474 2035 1529 haeresin
2061 1476 2400 1547 opportunius
2424 1474 2756 1529 disseremus.
2802 1473 2928 1527 Cae·

596 1568 766 1619 terum
787 1561 891 1617 huc
913 1564 1091 1617 referri
1112 1568 1309 1634 potest,
1333 1563 1472 1633 quod
1496 1562 1632 1632 apud
1652 1561 1793 1631 Orig.
1818 1562 1906 1615 lib.
1932 1579 1966 1616 1.
2008 1560 2188 1616 Celsus
2210 1544 2414 1615 Iudaeis
2438 1560 2738 1615 obiiciebat:
2765 1558 2926 1629 λέγων

598 1649 775 1711 αὐτοὺς
800 1648 951 1718 σέβειν
976 1648 1240 1720 ἀγγέλους,
1266 1648 1346 1700 καὶ
1370 1648 1568 1719 γοητείᾳ
1590 1647 1915 1718 προςκεῖσθαι.

731 1735 901 1787 Ταῦτα
913 1734 971 1788 δέ
980 1754 1063 1806 μοι
1075 1733 1165 1786 οὐκ
1178 1732 1240 1795 εἰς
1265 1734 1565 1806 στρόβησιν.]
1605 1733 1870 1787 Pharisaei
1888 1733 1986 1787 etsi
2001 1733 2168 1787 fatum
2187 1739 2546 1803 agnoscerent,
2569 1749 2677 1786 non
2695 1731 2926 1784 humana

593 1826 769 1875 tamen
796 1822 971 1875 omnia
993 1838 1063 1875 ex
1085 1839 1145 1876 eo
1170 1820 1392 1892 pendere
1416 1820 1738 1883 statuebant3
1762 1836 1930 1889 neque
1953 1820 2170 1873 liberam
2186 1818 2411 1873 hominis
2431 1819 2749 1872 voluntatem
2769 1822 2926 1887 atque

595 1906 853 1960 arbitrarii
873 1913 1184 1977 potestatem
1208 1924 1237 1960 e
1257 1906 1429 1960 medio
1460 1907 1739 1970 tollebant,
1770 1905 1849 1958 uti
1877 1906 2112 1976 pluribus
2143 1906 2370 1976 explicat
2395 1903 2644 1976 Iosephus
2679 1904 2770 1957 lib.
2793 1921 2921 1958 xvn.

596 1992 738 2062 Orig.
763 2008 878 2063 cap.
897 2010 969 2059 11.‚
994 1999 1046 2046 et
1066 1994 1155 2047 lib.
1176 2011 1215 2046 ιι
1239 1991 1424 2045 Ἀλώσ.
1449 2009 1562 2062 cap.
1579 2009 1674 2045 ιιι.
1716 1990 1885 2055 Quare
1902 1990 2031 2044 nihil
2049 1997 2159 2044 erat
2175 2008 2265 2044 cur
2281 1990 2599 2062 Epiphanius
2619 1996 2925 2058 sequentem

594 2080 843 2132 adversus
874 2085 1156 2133 assertores
1185 2079 1281 2132 fati
1316 2078 1722 2148 disputationem
1755 2083 1937 2130 contra
1961 2076 2265 2131 Pharisaeos
2299 2077 2631 2148 potissimum
2663 2076 2925 2145 dirigeret,

595 2170 850 2235 quatenus
884 2181 947 2218 ea
980 2182 1063 2219 res
1098 2165 1163 2218 ad
1193 2162 1449 2218 humanas
1482 2164 1715 2217 actiones
1758 2179 2040 2233 earumque
2075 2164 2238 2217 libera
2278 2163 2495 2216 consilia
2516 2162 2764 2233 pertinet,
2790 2177 2925 2232 quae

594 2250 906 2306 Pharisaeos
928 2266 1261 2322 nequaquam
1284 2250 1558 2305 sustulisse
1579 2248 1889 2304 Pharisaeus
1912 2249 2097 2303 asserit
2115 2248 2382 2320 Iosephus.

822 2458 913 2512 AD
948 2455 1290 2515 HAERESIN
1323 2456 1511 2523 XVII„
1546 2455 1726 2522 QUAE
1759 2456 1886 2512 EST
1920 2454 2698 2513 HEMEROBAPTISTARUM.

726 2577 1015 2635 Commune
1029 2579 1233 2634 Iudaeis
1253 2578 1512 2645 omnibns,
1535 2584 1589 2632 et
1603 2578 1856 2650 imprimis
1873 2577 2167 2632 Pharisaeis
2195 2577 2358 2632 fuisse
2375 2578 2583 2632 Marcus
2601 2575 2924 2647 evangelista

589 2670 810 2719 testatur
832 2683 945 2737 cap.
970 2664 1062 2732 vir,
1086 2664 1118 2719 3
1141 2671 1195 2720 et
1214 2666 1281 2731 4.,
1314 2671 1374 2719 ut
1404 2670 1457 2719 et
1488 2681 1677 2719 manus
1705 2665 2001 2735 frequenter
2029 2665 2323 2731 abluerent,
2355 2669 2408 2719 et
2438 2681 2471 2717 a
2502 2663 2616 2717 foro
2645 2662 2919 2717 redeuntes

591 2751 991 2822 baptizarentur.
1036 2750 1205 2816 Quare
1228 2768 1335 2805 non
1357 2751 1560 2805 videtur
1577 2753 1854 2822 peculiaris
1877 2751 2006 2804 haec
2030 2757 2174 2805 secta
2194 2751 2504 2805 Indaeorum
2528 2748 2790 2812 extitiss03
2814 2749 2920 2802 nisi

588 2838 664 2891 ita
688 2837 946 2903 dicamus,
979 2838 1284 2904 nonnullos,
1321 2838 1411 2907 qui
1443 2855 1502 2891 se
1533 2839 1808 2892 sanctitate
1836 2844 2102 2908 praestare
2136 2837 2351 2891 caeteris
2381 2836 2598 2899 vellent,
2633 2852 2739 2889 non
2760 2835 2916 2889 modo

590 2925 795 2995 quoties
818 2941 851 2977 a
870 2924 985 2979 foro
1008 2924 1253 2990 redirent,
1277 2938 1460 2978 verum
1483 2924 1641 2978 etiam
1663 2924 1872 2977 tametsi
1887 2923 2075 2993 pedem
2091 2922 2245 2977 domo
2263 2938 2370 2975 non
2389 2922 2722 2985 extulissent,
2747 2921 2812 2973 de
2836 2921 2916 2975 die

589 3011 800 3081 saepius
821 3012 995 3064 lavare
1018 3010 1369 3064 consuevisse.
1427 3009 1731 3063 Cuiusmodi
1751 3008 1932 3062 Banus
1963 3009 2052 3062 ille
2073 3008 2195 3074 fuit,
2228 3009 2313 3061 cui
2334 3023 2393 3061 se
2415 3005 2664 3076 Iosephus
2686 3007 2741 3060 in
2764 3007 2916 3068 disei-

588 3098 787 3168 plinam
808 3095 1042 3162 tradidit,
1073 3104 1132 3151 ut
1160 3096 1217 3149 in
1239 3097 1349 3149 vita
1379 3111 1475 3149 sua
1497 3096 1749 3165 scriptum
1771 3094 1999 3164 reliquit.
2055 3094 2204 3148 Hunc
2229 3095 2367 3147 enim
2390 3093 2548 3146 refert
2571 3092 2751 3163 ψυχρῷ
2773 3092 2916 3145 ὕδατι

587 3181 675 3249 τὴν
697 3180 881 3253 ἡμέραν
906 3181 986 3234 καὶ
1009 3179 1094 3248 τὴν
1117 3181 1268 3233 νύκτα
1291 3178 1529 3240 πολλάκις
1548 3180 1818 3250 λουόμενον
1842 3178 1964 3250 προς
1991 3178 2194 3251 ἁγνείαν.
2222 3180 2308 3234 Sic
2326 3179 2510 3233 Esseni
2532 3179 2671 3248 apud
2692 3179 2915 3233 eundem

585 3266 867 3338 Iosephum
888 3267 977 3321 lib.
998 3284 1055 3320 11.
1077 3282 1190 3337 cap.
1215 3284 1306 3320 vn.
1330 3282 1517 3337 corpus
1540 3271 1662 3319 ante
1686 3266 1859 3320 cibum
1894 3267 2176 3320 abluebant
2203 3265 2408 3336 frigida.
2469 3265 2603 3330 Quid
2632 3266 2794 3335 igitur
2815 3266 2912 3320 He-

587 3353 990 3422 merobaptistae
1006 3353 1099 3418 illi,
1118 3368 1251 3423 quos
1264 3349 1583 3422 Epiphanius
1601 3351 1772 3418 refert,
1791 3353 2085 3418 meruerint,
2104 3357 2163 3406 ut
2179 3352 2477 3407 distinctam
2494 3352 2560 3405 ab
2581 3351 2696 3405 aliis
2716 3356 2912 3406 sectam

591 3438 883 3507 efficerent,
906 3456 1012 3493 non
1037 3439 1161 3492 satis
1186 3437 1542 3491 discernimus.

722 3523 797 3577 Οὖ
822 3522 915 3595 μὴν
948 3521 1224 3595 ἐξισουμίνη
1251 3528 1352 3584 τοῖς
1386 3523 1788 3595 meseonem]
1855 3525 1955 3590 Qui
1987 3526 2157 3597 prima
2186 3524 2356 3595 specie
2385 3524 2662 3579 verborum
2692 3525 2912 3578 istorum

588 3626 773 3664 sensus
799 3610 1044 3675 occurrit,
1074 3609 1120 3662 is
1154 3614 1261 3674 est,
1295 3624 1450 3680 quem
1482 3626 1591 3664 non
1623 3610 1780 3664 modo
1803 3627 1901 3664 nos
1924 3611 2027 3681 ipsi
2050 3611 2142 3664 sed
2164 3611 2320 3663 etiam
2338 3609 2615 3664 Cornarius
2640 3611 2910 3681 expressit.

583 3696 1061 3767 Hemerobaptistas
1093 3712 1201 3748 non
1230 3695 1401 3748 solum
1432 3695 1487 3748 iu
1520 3696 1764 3766 neganda
1784 3702 2106 3751 mortuorum
2128 3697 2503 3751 resurrectione
2517 3736 2530 3761 ,
2553 3712 2734 3750 verum
2755 3697 2811 3750 in
2833 3713 2911 3750 re·

584 3781 731 3853 liqna
753 3782 897 3836 omni
919 3780 1459 3851 dogmatumfalsitate
1482 3783 1794 3836 concordare
1819 3800 1938 3836 cum
1961 3781 2298 3836 sadducaeis:
2325 3782 2383 3834 οὗ
2396 3780 2490 3853 μὴν
2515 3780 2792 3853 ἐξισουμένη
2819 3784 2910 3853 μό-

584 3885 695 3935 νον,
727 3868 915 3937 inquit,
939 3871 1041 3928 τοῖς
1066 3867 1415 3927 Σαδδουκαίοις
1441 3865 1487 3918 ἐν
1512 3872 1572 3938 τῇ
1598 3870 1697 3920 τῶν
1721 3871 1901 3938 νεκρῶν
1926 3865 2205 3937 ἀναστάσει,
2240 3865 2368 3919 ἀλλὰ
2391 3873 2449 3938 τῇ
2474 3868 2671 3939 ἀπιστίᾳ
2703 3868 2783 3919 καὶ
2807 3873 2908 3929 τοῖς

585 3949 770 4014 ἄλλοις.
830 3952 934 4007 Sed
965 3951 1091 4005 haec
1126 3952 1385 4005 sententia
1416 3952 1482 4005 ab
1512 3954 1603 4019 iis,
1637 3970 1771 4024 qnae
1802 3954 1958 4024 paulo
1984 3961 2103 4007 ante
2125 3953 2396 4022 leguntur,
2430 3959 2543 4006 tum
2565 3954 2621 4007 in
2643 3953 2909 4008 Breviario

585 4045 846 4093 sectarum
879 4036 1033 4108 hujus
1068 4037 1215 4103 libri,
1260 4044 1312 4091 et
1344 4038 1401 4092 in
1444 4029 1808 4092 universarum
1841 4039 2279 4110 Anacephalaeosi
2315 4040 2639 4109 reperiuntur
2683 4042 2750 4093 ab
2789 4040 2908 4111 Epi-

582 4123 798 4195 phanio,
821 4122 1151 4177 vehementer
1174 4123 1402 4178 dissidet.
1453 4123 1590 4178 Nam
1613 4125 1804 4195 ubique
1835 4131 2132 4178 constanter
2162 4124 2411 4178 asseritur
2432 4125 2907 4195 Hemerobaptistas

582 4226 616 4262 a
636 4210 839 4264 Iudaeis
872 4210 1086 4279 reliquis
1118 4211 1265 4263 nulla
1294 4211 1348 4263 in
1372 4216 1516 4281 parte
1540 4210 1861 4281 discrepare;
1896 4212 2032 4278 sive,
2065 4215 2125 4263 ut
2145 4209 2242 4264 hoc
2264 4211 2380 4263 loco
2404 4211 2633 4282 scripsit,
2657 4228 2688 4264 a
2711 4211 2907 4265 Scribis

582 4301 635 4347 et
664 4294 969 4349 Pharisaeis.
1028 4295 1176 4359 Quod
1211 4297 1271 4349 εἰ·
1289 4311 1619 4348 communem
1649 4312 1771 4349 cum
1802 4295 2117 4349 Sadducaeis
2147 4297 2481 4366 negationem
2515 4299 2907 4352 resurrectionis

582 4379 879 4447 habuerint,
905 4381 1109 4453 aliaque
1134 4381 1406 4451 dogmata,
1439 4381 1631 4450 quibus
1653 4382 1743 4434 isti
1765 4396 1796 4433 a
1819 4380 2108 4435 Pharisaeis
2142 4388 2196 4434 et
2217 4383 2402 4436 scribis
2425 4389 2696 4454 tantopere
2719 4383 2905 4438 abhor-

580 4465 780 4531 rebant,
802 4472 862 4519 nt
884 4467 949 4520 ad
972 4468 1328 4521 Samaritanos
1352 4465 1672 4532 accederent,
1696 4467 2132 4537 quemadmodum
2153 4468 2209 4522 in
2231 4469 2437 4522 illorum
2455 4470 2763 4524 declaranda
2784 4471 2904 4524 hae-

580 4553 685 4606 resi
704 4558 926 4606 testatus
950 4560 1056 4619 est,
1088 4554 1321 4624 profecto
1343 4552 1569 4605 multum
1590 4569 1712 4606 cnm
1735 4569 1768 4605 a
1787 4553 2001 4623 reliquis
2025 4552 2336 4609 Iudaeorum
2357 4555 2696 4621 factionibus,
2726 4561 2838 4609 tum
2873 4572 2904 4608 a

578 4637 868 4696 pharisaeis
892 4655 954 4695 ac
975 4639 1174 4694 Scribis
1195 4637 1677 4707 Hemerobaptistae
1699 4640 1925 4710 separati
1946 4645 2082 4696 snut.
2141 4642 2283 4706 Quae
2312 4659 2399 4698 me
2428 4643 2562 4698 ratio
2594 4649 2902 4707 commovet,
