3185 5219
2413 393 2588 450 cm

258 541 615 613 Epiphaniam
646 559 819 597 meros
848 559 1054 598 menses
1074 543 1308 598 iulianos
1338 544 1645 616 intelligere.
1712 546 1850 600 Nam
1871 545 2145 616 Audynaei
2176 545 2264 614 τὴν
2285 547 2426 615 ἕκτην
2451 549 2588 619 (per-

257 643 437 698 peram
462 627 608 680 ἕκτου
629 630 885 700 seriptum
906 631 1002 698 est)
1025 646 1146 684 eum
1170 648 1239 683 vr.
1262 631 1372 684 Ian.
1397 637 1680 701 comparat.
1731 632 1933 686 Rursus
1955 633 2098 686 enim
2121 633 2310 687 vitiosa
2329 635 2482 688 lectio
2506 641 2590 688 est

259 711 455 784 ηψπ-ιη
482 711 811 784 'immadem
834 731 929 785 pro
953 715 1083 780 ἕκτη.
1130 716 1367 770 Tametsi
1382 715 1661 769 Gornarius
1684 724 1910 786 quintam
1929 719 2177 771 Ianuarii
2193 721 2425 783 verterit,
2448 720 2586 790 qnod

256 799 526 853 nnnuffis
547 799 825 870 imposuit,
847 802 939 871 qui
959 799 1087 855 haee
1109 799 1294 871 Epiph.
1311 801 1471 855 verba
1494 800 1589 872 πρὸ
1616 798 1751 853 ὀκτὼ
1770 800 1931 854 Εἰδῶν
1954 804 2030 856 sie
2054 805 2315 873 accepisse
2331 804 2586 870 videntur,

256 885 409 954 quasi
428 891 578 938 esset
596 886 728 957 prid.
747 904 860 942 vm.
878 885 1065 952 Eidus,
1090 885 1187 940 hoo
1210 891 1291 939 est
1312 885 1479 940 Nonis
1500 888 1631 958 ipsis
1653 889 1898 942 Ianuarii.
1940 887 2047 942 Sed
2067 887 2168 958 πρὶν
2192 884 2326 940 ὀκτὼ
2349 888 2510 941 Εἶδῶν
2534 898 2590 946 et

256 970 455 1024 similes
478 971 730 1041 loquendi
751 971 1009 1026 formulae
1027 971 1226 1026 Latinis
1248 972 1375 1025 iisce
1396 972 1713 1043 respondent
1735 988 1781 1026 a.
1800 972 1848 1027 d.
1869 992 1979 1027 vm.
2001 973 2076 1027 Id.
2100 980 2196 1028 ete.
2210 1013 2223 1039 ,
2249 973 2348 1030 hoe
2369 981 2451 1027 est
2471 976 2586 1045 ipso

256 1055 339 1108 <Be
356 1073 476 1110 vm.
500 1055 604 1121 Id„
638 1061 701 1109 ut
727 1056 934 1110 et·alibi
966 1057 1285 1128 seripsimus.
1354 1056 1527 1121 Quare
1550 1075 1620 1111 ex
1641 1059 1802 1129 priori
1818 1065 1944 1112 nota
1974 1059 2102 1124 diei,
2132 1058 2231 1114 boe
2263 1065 2348 1113 est
2375 1078 2490 1116 vm.
2513 1062 2588 1114 ld.

255 1140 388 1206 lm,
410 1141 726 1211 corrigenda
745 1159 853 1195 vox
877 1141 1073 1214 πέμπτη
1094 1148 1150 1196 et
1170 1143 1228 1198 in
1250 1142 1364 1209 ἕκτη
1387 1144 1656 1198 maunda-
1692 1143 1839 1208 Quod
1863 1152 1916 1198 et
1932 1145 2069 1214 'tybi
2087 1145 2308 1210 Actiaci,
2331 1146 2442 1199 sive
2465 1146 2588 1200 Dio·

254 1226 531 1292 datianei,
561 1227 673 1281 dies
702 1228 820 1299 ipsa
841 1228 1185 1294 demonstrat,
1215 1230 1363 1283 cuius
1388 1248 1460 1284 n.
1488 1230 1543 1283 in
1567 1248 1638 1284 vr.
1658 1229 1769 1284 Ian.
1793 1232 2051 1286 convenit.
2098 1233 2174 1284 Ae
2197 1230 2399 1284 videtur
2428 1231 2482 1284 in
2505 1249 2586 1296 eo,

255 1311 393 1382 quod
417 1312 660 1382 quintam
682 1312 908 1367 Ianuarii
934 1314 1071 1368 diem
1093 1331 1186 1385 pro
1209 1319 1363 1368 sexta
1384 1316 1636 1386 sumpsit,
1659 1316 1898 1385 mysterii
1919 1315 2115 1386 aliquid
2139 1332 2272 1369 esse.
2317 1316 2587 1386 Siquidem.

255 1405 307 1450 et
320 1398 892 1470 constantinopolitani
912 1405 1099 1470 postea
1121 1418 1168 1453 v.
1180 1401 1409 1453 Ianuarii
1426 1400 1509 1454 die
1527 1401 1846 1471 baptismum
1866 1399 2055 1454 Christi
2075 1402 2422 1467 celebrabant,
2446 1402 2585 1471 quod

254 1483 388 1536 invi.
405 1484 572 1554 vulgo
592 1484 865 1550 eumn-rur,
890 1491 949 1537 ut
972 1501 1043 1538 ex
1058 1485 1319 1540 Esnuolis
1334 1484 1553 1539 Novella
1570 1504 1607 1541 1.
1631 1486 1695 1539 de
1712 1486 1873 1540 Feriis
1896 1492 1949 1539 et
1973 1486 2283 1557 curopalate
2308 1487 2583 1556 colligitur.

387 1568 531 1622 Κατὰ
548 1568 815 1639 Κυπρέους,
841 1568 993 1622 ritem
1011 1569 1377 1640 Σαλαμινίους.]
1410 1570 1528 1624 Non
1550 1577 1656 1635 est,
1680 1578 1740 1625 ut
1763 1571 1974 1642 quidam
1998 1573 2289 1637 existimat,
2311 1578 2586 1643 corruptus

256 1652 337 1708 hh
357 1654 550 1725 Epiph.
577 1655 749 1720 loeus,
778 1656 835 1709 in
863 1657 1062 1709 mensis
1093 1657 1455 1728 appellatione.
1500 1656 1637 1710 Nam
1657 1657 1768 1712 lan.
1792 1659 1858 1710 ab
1881 1658 2004 1711 illus
2027 1656 2248 1721 Quintus
2271 1658 2587 1724 nominatur,

256 1746 315 1791 ut
342 1754 377 1792 a
404 1740 631 1794 Βοωυι.
656 1740 928 1806 Quintilis,
958 1741 1202 1808 Sextilis,
1236 1742 1543 1813 September
1572 1747 1672 1797 etc.
1744 1742 1848 1796 Sed
1879 1743 2129 1798 mendum
2158 1743 2214 1796 in
2238 1759 2365 1796 voee
2388 1743 2588 1813 πέμπτη

256 1825 472 1879 subesse
502 1826 681 1896 potius
714 1826 951 1882 arbitror.
1020 1827 1135 1880 Nisi
1167 1844 1201 1880 a
1232 1827 1342 1882 Ian.
1367 1827 1595 1881 secundo
1622 1827 1851 1897 Πέμπτον
1881 1828 2138 1899 anspioati
2167 1829 2275 1882 sint
2297 1827 2586 1886 Salaminii.
2693 1889 2700 1902 ,

256 1908 358 1964 aed
377 1911 717 1965 verisimilius
753 1917 833 1965 est
864 1912 1049 1983 Epiph.
1074 1918 1166 1966 aut
1198 1913 1310 1966 eius
1334 1913 1631 1977 librarium,
1663 1929 1782 1966 eum
1811 1914 2114 1983 imprudens
2146 1912 2343 1983 πέμπτῃ
2375 1919 2464 1968 τοῦ
2489 1912 2587 1966 Ἰα-

256 1995 481 2065 νωωρίου
498 1997 799 2067 scripsisset
810 2015 902 2068 pro
922 1997 1035 2067 ἕκτῃ
1047 2038 1061 2067 ,
1082 1998 1219 2051 idem
1236 1999 1292 2052 in
1310 1998 1716 2052 Salaminiorum
1734 2015 1912 2053 mense
1927 1999 2128 2054 fecisse.
2163 1998 2397 2069 Apparet
2411 2003 2589 2050 autem

234 2097 321 2134 -ex
353 2080 455 2136 hoc
487 2083 605 2136 loeo
640 2081 955 2137 Salaminios
984 2100 1183 2138 annum
1214 2100 1247 2137 a
1278 2084 1545 2154 Septemb.
1570 2083 1667 2137 Iul.
1690 2083 1805 2138 Kal.
1829 2085 2129 2155 auspicatos
2164 2100 2305 2148 esse,
2340 2083 2480 2153 quod
2509 2084 2587 2136 in-

258 2166 498 2220 dictionis
522 2169 752 2239 annique
776 2168 1115 2244 primordium
1138 2169 1702 2240 constantinopolitani
1723 2177 1908 2240 postea
1930 2169 2299 2241 praefixerunt.

386 2252 530 2306 Κατὰ
550 2253 770 2324 Παφίους
794 2251 987 2308 Ἰοόλου
1011 2253 1555 2325 “conprendendi-71]
1601 2255 1768 2325 Igitur
1798 2255 1900 2308 Iuli
1928 2255 2126 2310 mensis
2157 2254 2362 2307 initium
2386 2272 2419 2307 a
2445 2273 2586 2308 xxiv.

256 2336 374 2391 Deo.
422 2337 527 2402 Qui
550 2340 597 2392 si
618 2339 853 2393 Iulianus
874 2340 1001 2405 fuit,
1034 2339 1278 2394 credibile
1310 2347 1393 2394 est
1422 2342 1491 2395 ab
1526 2342 1856 2411 aequinoctio
1879 2357 2039 2394 verno
2063 2341 2266 2396 circiter
2289 2353 2486 2392 annum
2508 2340 2588 2392 in-

258 2425 455 2494 cepisse
476 2424 725 2495 Paphios.
772 2424 907 2478 Nam
931 2426 978 2478 si
1001 2426 1145 2479 Iulus
1167 2426 1439 2481 hnuarius
1463 2433 1569 2492 est,
1594 2428 1792 2480 mensis
1815 2427 1997 2482 abillo
2020 2427 2201 2479 tertius
2224 2426 2281 2479 in
2303 2440 2425 2479 eum
2448 2425 2586 2478 diem

258 2511 634 2579 propemodum
658 2511 873 2576 desinit,
898 2512 989 2581 qui
1012 2512 1342 2581 aequinoctio
1369 2512 1631 2582 quondam
1656 2512 1936 2565 attributus
1961 2518 2057 2565 est.

388 2594 529 2649 Κατὰ
552 2592 774 2667 Ἄραβας
798 2594 1036 2668 ’Δλέωμῇ
1082 2597 1144 2651 ln
1165 2598 1399 2669 vulgaris
1423 2598 1656 2653 Arabum
1677 2598 1946 2653 mensibus
1975 2615 2148 2668 neque
2177 2597 2387 2662 Aleom‚
2421 2615 2588 2668 neque

260 2683 347 2752 qui
364 2688 557 2753 postea
576 2689 1015 2737 eommemoratur
1031 2682 1440 2753 Augaltbabsith
1460 2686 1639 2737 locum
1660 2685 1827 2738 ullum
1847 2683 2020 2739 habet.
2062 2683 2166 2736 Sed
2187 2700 2358 2753 neque
2380 2684 2588 2736 lunares

258 2784 460 2822 umes
494 2769 587 2821 isti
619 2772 768 2833 sunt;
802 2770 851 2822 si
884 2769 1095 2839 quidem
1125 2770 1181 2822 in
1212 2770 1322 2823 Ian.
1341 2788 1410 2823 vr.
1434 2770 1621 2823 Aleom
1643 2787 1752 2823 ιιι.
1787 2769 2007 2833 ineidat,
2044 2785 2178 2838 quae
2209 2774 2318 2821 tum
2344 2768 2453 2821 dies
2478 2775 2591 2821 erat

260 2853 407 2906 lunae
430 2872 531 2908 m.
548 2893 562 2919 ‚
596 2855 743 2923 cyelo
762 2874 801 2911 ι.
846 2854 982 2907 Nam
1006 2855 1286 2908 neomenia
1310 2871 1377 2908 ex
1396 2854 1730 2908 Ptolemaicis
1752 2854 1959 2908 Mulieri
1982 2854 2196 2907 Tabulis
2219 2854 2444 2923 contigit
2463 2854 2585 2910 Dee.

260 2938 336 2991 26.
359 2939 407 2993 8.
432 2936 571 3005 322,
601 2940 747 3009 cyclo
775 2940 878 3006 19„
902 2956 1041 2994 anno
1063 2940 1266 2993 Iuliano
1292 2958 1432 2995 xnrv.
1481 2939 1557 2992 De
1579 2938 1992 3009 Augalthabaith
2013 2939 2151 2992 idem
2171 2945 2355 3010 postea
2377 2938 2587 2993 demon-

260 3025 523 3079 strabitur.
567 3024 821 3089 Quocirca
842 3025 1076 3079 nondum
1094 3027 1334 3079 lunarem
1356 3040 1556 3079 annum
1588 3025 1655 3078 ad
1684 3025 1890 3078 civilem
1912 3041 2070 3078 usum
2093 3024 2290 3078 Arabes
2314 3026 2590 3079 transtule-
2617 3070 2621 3083 ,

263 3116 386 3165 rant.
435 3111 573 3164 Nam
598 3127 719 3164 oum
742 3111 940 3165 Arabes
963 3112 1201 3165 nominat
1222 3109 1568 3181 Epiphanius,
1590 3110 1846 3164 maiorem
1869 3111 2008 3163 illius
2033 3111 2206 3180 gentis
2229 3111 2589 3181 potioremque

260 3200 454 3265 partem
478 3197 740 3266 intelligit.
784 3197 859 3250 Ac
885 3196 1021 3250 Seal.
1051 3198 1088 3250 l.
1112 3215 1170 3251 ιι.
1204 3197 1269 3251 de
1291 3197 1507 3251 Emend.
1529 3197 1740 3268 Temp..
1776 3202 1828 3249 et
1847 3196 1985 3266 Isag.
2012 3195 2137 3250 Can.
2170 3196 2205 3251 l.
2229 3215 2288 3251 11.
2316 3212 2376 3249 ao
2401 3214 2477 3251 111.
2501 3214 2588 3250 ve·

262 3288 390 3335 teres
406 3282 613 3336 Arabes
628 3281 895 3353 Galippica
915 3282 1043 3335 anni
1056 3283 1224 3336 forma
1248 3299 1373 3337 usos
1396 3299 1512 3337 esse
1530 3282 1785 3352 decernit,
1812 3288 1871 3335 ut
1892 3288 1944 3334 et
1962 3279 2250 3336 Chaldaeos
2272 3298 2334 3335 ae
2352 3283 2588 3348 Iudaeos,

262 3367 489 3422 Arabum
509 3385 631 3422 vero
650 3368 908 3438 duplicem
931 3383 1130 3423 annum
1144 3368 1293 3434 finit,
1318 3369 1540 3423 alterum
1557 3367 1971 3433 Damascenum,
1993 3369 2104 3421 sive
2120 3368 2481 3437 Bagatenum,
2505 3370 2590 3422 cui

264 3452 604 3508 desultoriam
622 3453 964 3507 intercalandi
986 3469 1188 3507 morem
1211 3454 1472 3521 attribuit,
1496 3455 1645 3508 euius
1668 3453 1911 3524 periodus
1936 3468 2178 3508 ccuvm
2200 3453 2352 3509 annis
2375 3454 2588 3508 Iulianis

265 3538 463 3605 definit,
486 3540 545 3593 in
567 3555 672 3609 qua
690 3554 899 3593 menses
923 3554 1104 3593 omnes
1126 3540 1435 3609 singillatim
1451 3556 1650 3594 annum
1668 3537 1918 3594 inchoant
1933 3539 2267 3609 vicissimque
2283 3541 2587 3593 terminant:

263 3625 478 3679 alteram
502 3626 626 3678 anui
649 3625 906 3678 rationem
928 3626 1123 3678 omissa
1144 3626 1538 3679 interealatione
1560 3626 1787 3679 solutam
1813 3641 1872 3677 ac
1894 3631 2151 3678 retextam
2175 3641 2242 3678 ex
2263 3626 2417 3677 annis
2442 3625 2588 3678 luna-

266 3711 402 3765 ribus
433 3710 761 3781 simplicibus
797 3711 1091 3775 constituit,
1126 3727 1285 3780 quam
1316 3711 1384 3764 ab
1418 3710 1561 3764 Indis
1597 3711 1722 3763 olim
1751 3717 2086 3780 usurpatam,
2116 3716 2300 3781 postea
2329 3710 2489 3763 etiam
2519 3710 2586 3763 ab

266 3796 520 3851 Arabibus
548 3797 955 3867 praesertimque
976 3793 1375 3850 Mahumedanis
1404 3795 1570 3849 docet.
1641 3794 1774 3849 Nam
1806 3796 1896 3865 qui
1926 3797 1992 3848 ab
2025 3796 2221 3866 Hegira
2252 3801 2588 3849 numerantur

269 3883 384 3935 unni
412 3882 562 3936 nullo
594 3880 1001 3935 intercalationis
1023 3881 1203 3935 fraeno
1237 3882 1451 3936 coerciti
1469 3897 1563 3951 per
1584 3879 1841 3935 lulianam
1864 3882 2053 3935 seriem
2079 3881 2292 3951 impune
2313 3885 2587 3950 vagantur.

270 3965 409 4029 Quod
430 3968 480 4020 si
503 3967 623 4037 quis
640 3967 877 4036 requirat
903 3967 1043 4020 unde
1066 3966 1333 4036 Scaligero
1369 3970 1573 4020 constet
1594 3971 1827 4019 vetustos
1850 3966 2046 4020 Arabes
2078 3966 2412 4020 desultoriam
2442 3966 2586 4019 illam

268 4051 604 4107 intercalandi
623 4051 849 4106 formam
872 4052 1011 4105 civili
1032 4052 1335 4122 praesertim
1358 4068 1458 4104 usn
1479 4052 1735 4116 tenuisse,
1767 4058 1860 4105 aut
1891 4052 2109 4106 eandem
2141 4051 2357 4105 subinde
2380 4052 2587 4104 retexu-

270 4136 390 4202 isse,
411 4152 639 4192 ae‘mere
661 4138 899 4191 lunarem
919 4136 1260 4208 praetulisse,
1293 4153 1361 4191 ne
1391 4152 1556 4191 unum
1591 4137 1801 4207 quidem
1822 4138 2126 4207 scriptorem
2149 4134 2299 4188 affert
2319 4135 2408 4204 qui
2430 4135 2483 4188 id
2505 4137 2588 4190 vel

270 4221 525 4277 levissime
546 4223 782 4278 suadeat.
828 4222 999 4287 Quare
1023 4223 1147 4277 dum
1178 4221 1429 4277 confictas
1455 4222 1572 4276 illas
1598 4223 1826 4276 Arabum
1849 4223 2090 4293 periodos
2114 4220 2476 4292 operosissime
2499 4222 2587 4275 de·
2637 4268 2681 4308 ¹,-
2699 4257 2787 4301 1³⁴.

274 4309 466 4374 scribit,
487 4307 589 4363 hoo
612 4316 694 4363 est
714 4309 921 4364 somnia
943 4325 1040 4362 sua
1060 4308 1408 4379 prosequitur,
1444 4313 1495 4361 et
1517 4324 1613 4363 suo
1638 4314 1691 4362 et
1710 4309 1917 4363 lectoris
1943 4309 2048 4363 otio
2071 4309 2474 4376 intemperanter
2495 4308 2585 4362 ab·

274 4393 441 4447 utitur.
480 4393 596 4458 Quo
620 4394 835 4464 quidem
852 4395 909 4447 in
931 4394 1145 4464 negotio
1169 4399 1252 4448 est
1271 4393 1401 4448 illud
1422 4409 1550 4447 sane
1572 4394 1883 4460 iucundum,
1908 4393 2047 4463 quod
2071 4391 2287 4445 eandem
2310 4392 2452 4447 illam
2475 4410 2584 4464 per.

276 4492 402 4546 quse
424 4496 492 4533 ex
516 4494 757 4534 eeuvm
778 4479 996 4533 Iulianis
1019 4479 1198 4544 annis,
1221 4479 1458 4533 Arabicis
1482 4495 1630 4544 vero,
1652 4480 1736 4532 vel
1759 4480 1941 4532 solutis
1955 4518 1969 4544 ,
1996 4493 2206 4532 ccxxxv
2229 4484 2460 4544 constat,
2492 4480 2584 4534 ali-

274 4564 388 4617 cubi
409 4566 765 4634 exagitatam
786 4580 822 4618 a
843 4582 900 4618 se
923 4564 1087 4630 dieat,
1108 4565 1235 4618 alibi
1252 4580 1373 4619 vero
1394 4564 1462 4618 ab
1478 4564 1738 4618 Arabibus
1762 4571 1816 4617 et
1829 4563 2116 4633 Hagarenis
2139 4563 2206 4615 ab
2228 4563 2375 4618 initio
2399 4565 2584 4620 Iuliani

278 4649 395 4703 mi
421 4655 680 4723 repertam
711 4655 765 4704 et
792 4651 1087 4706 institutam
1107 4649 1410 4723 imprudens
1432 4655 1649 4705 asserat.
1693 4648 1902 4709 Etenim
1921 4649 1958 4705 1.
1977 4666 2035 4707 ιι.
2061 4648 2124 4705 de
2147 4648 2358 4704 Emend.
2382 4669 2433 4723 p.
2456 4650 2582 4715 134„
