3185 5219
589 378 917 435 Lxxxvm

590 534 750 587 leium
787 532 1168 597 accommodat,
1203 533 1291 602 qui
1320 533 1476 585 iidem
1508 537 1634 585 sunt
1663 548 1782 584 cum
1805 529 1982 584 Sextis
2006 530 2224 584 duobus,
2282 529 2360 582 Ita
2383 546 2501 582 cum
2526 527 2830 599 Capitolinis
2852 527 2904 580 in

598 618 821 689 gratiam
845 617 1009 671 rediit.
1056 618 1123 671 At
1145 616 1307 672 Siculi
1338 619 1462 688 quia
1492 634 1625 671 coss.
1649 617 1774 669 anni
1795 632 2026 669 nccnxv.
2054 632 2158 668 non
2190 615 2437 668 omittunt
2478 618 2530 666 et
2560 629 2630 665 ex
2667 628 2771 665 uno
2804 613 2904 664 col·

589 704 728 774 legio
752 704 876 756 anni
893 717 1163 755 nccuvu.
1186 702 1287 756 duo
1304 702 1526 766 faciunt,
1550 717 1934 772 supervacaneo
1958 701 2048 754 illo
2065 699 2298 770 Pompeii
2314 706 2366 752 et
2384 699 2590 770 Apuleii
2604 698 2903 768 interposito

590 790 861 844 consulatu
884 787 1131 841 tardiores
1155 788 1405 840 exhibent
1428 789 1672 858 reliquos.

723 874 782 926 In
805 891 947 926 xxrv.
971 873 1109 942 apud
1132 870 1315 943 Epiph.
1340 877 1393 925 et
1414 873 1468 926 in
1492 872 1663 926 Fastis
1687 889 1781 943 pro
1801 870 2018 925 Crassus
2040 869 2264 924 Flaccus
2284 871 2387 940 leg.
2405 909 2419 935 ‚
2441 869 2546 922 nisi
2566 869 2639 922 sit
2659 866 2905 924 senectus

589 960 791 1029 aliquis·

720 1062 842 1098 xxv.
880 1042 1145 1097 Tiberium
1168 1060 1274 1097 cos.
1297 1044 1583 1097 secundum
1609 1043 1764 1097 habet
1785 1059 1878 1113 pro
1900 1059 1981 1097 m.

721 1129 780 1183 In
804 1147 946 1182 xxvr.
980 1146 1073 1198 pro
1107 1127 1273 1182 Balbo
1300 1128 1526 1181 Flaccus
1556 1128 1925 1182 adscribendus
1961 1132 2068 1193 est,
2099 1127 2204 1181 nisi
2236 1126 2483 1181 suffectus
2516 1126 2706 1195 aliquis
2737 1126 2910 1180 locum

589 1212 671 1267 hic
702 1211 964 1280 habuerit,
999 1213 1137 1284 quod
1172 1214 1311 1268 idem
1345 1215 1408 1266 de
1442 1232 1606 1270 xxvrr.
1643 1230 1734 1284 par
1768 1218 1848 1267 est
1881 1213 2114 1279 credere,
2149 1212 2240 1267 ubi
2276 1212 2467 1266 Gratus
2501 1228 2595 1284 pro
2632 1210 2788 1266 Cotta
2817 1228 2909 1266 no·

586 1300 828 1353 minatur.

718 1383 779 1438 In
802 1385 1080 1439 consulatu
1103 1403 1305 1450 xxxvi„
1340 1386 1431 1454 qui
1464 1390 1546 1438 est
1573 1386 1628 1439 in
1651 1384 1926 1456 Epiphanii
1954 1384 2182 1438 indiculo
2205 1401 2399 1449 xxm„
2434 1383 2599 1436 maior
2633 1387 2714 1437 est
2744 1383 2907 1438 labes.

584 1469 719 1524 Nam
744 1469 906 1523 Siculi
928 1469 1069 1523 Fasti
1092 1487 1210 1523 cum
1232 1469 1518 1540 Epiphanio
1550 1477 1672 1541 post
1697 1469 1944 1524 Geminos
1974 1469 2102 1523 duos
2125 1469 2322 1523 Rufum
2345 1474 2398 1522 et
2418 1468 2783 1522 Rubellionem
2807 1468 2909 1539 (Si-

588 1556 689 1608 culi
714 1555 1047 1620 Rubellinum)
1081 1556 1347 1608 collocant..
1416 1557 1485 1607 At
1519 1555 1796 1625 Capitolini
1829 1555 1901 1609 M.
1921 1554 2201 1608 Vinucium
2237 1561 2287 1607 et
2322 1553 2560 1607 Cassium
2593 1552 2907 1623 Longinum.

585 1640 780 1694 Rufum
804 1657 953 1710 porro
980 1645 1032 1692 et
1055 1640 1386 1693 Rubelliuum
1409 1639 1657 1693 suffectos
1681 1646 1830 1710 putat
1853 1640 2086 1709 Scaliger
2111 1645 2163 1693 et
2183 1639 2433 1710 Keplerus
2456 1640 2510 1692 in
2533 1638 2760 1708 Eclogis.
2798 1638 2908 1709 Ego

586 1725 723 1779 idem
748 1726 827 1778 his
852 1727 906 1777 in
931 1741 1063 1777 coss.
1089 1725 1225 1794 quod
1250 1742 1296 1777 a.
1316 1744 1420 1778 xvi.
1447 1727 1785 1778 commissum
1815 1725 1978 1778 fuisse
2011 1725 2261 1795 suspicor.
2310 1724 2442 1777 Nam
2475 1729 2534 1776 ut
2563 1724 2671 1776 illic
2702 1741 2773 1777 ex
2807 1741 2908 1778 uno

586 1811 808 1879 collegio
828 1810 951 1862 Sex.
989 1810 1219 1880 Pompeii
1242 1809 1454 1880 Nepotis
1479 1817 1531 1863 et
1554 1811 1677 1863 Sex.
1715 1811 1918 1880 Apuleii
1935 1809 2149 1880 Nepotis
2169 1810 2270 1863 duo
2290 1826 2422 1862 coss.
2444 1809 2590 1879 paria
2605 1808 2750 1861 facta
2771 1815 2908 1872 sunt,

587 1894 865 1948 Sextorum
891 1894 1129 1947 videlicet
1149 1895 1371 1948 duorum
1402 1900 1455 1948 et
1478 1895 1710 1966 Pompeii
1740 1902 1895 1965 atque
1920 1894 2149 1965 Apuleii‚
2179 1896 2254 1948 ita
2276 1894 2469 1960 Rufum
2501 1899 2553 1947 et
2573 1893 2911 1948 Rubellinum

586 1979 805 2033 duorum
840 1997 954 2032 esse
992 1979 1328 2033 Geminorum
1363 1982 1575 2034 nomina
1609 1981 1937 2045 crediderim3
1971 1981 2072 2032 nisi
2106 1981 2243 2049 quod
2275 1997 2367 2050 pro
2400 1980 2589 2049 Rufus,
2623 1980 2812 2032 Fusius
2839 1981 2911 2033 le·

586 2065 814 2135 gendum
839 2072 931 2118 est.
997 2065 1083 2119 Sic
1118 2068 1255 2119 enim
1289 2067 1627 2136 appellantur,
1662 2065 1719 2119 C.
1741 2066 2011 2120 Rubellius
2038 2064 2314 2128 Geminus,
2349 2064 2404 2118 G.
2427 2063 2615 2140 Fusius
2641 2064 2910 2120 Geminus.

586 2149 839 2214 Quocirca
871 2153 1053 2205 merito
1086 2159 1193 2205 tam
1223 2151 1319 2204 hos
1354 2168 1510 2221 quam
1542 2152 1660 2204 illos
1693 2151 2038 2222 praetermisit
2065 2148 2338 2213 Onufrius,
2375 2165 2436 2201 ac
2470 2167 2538 2202 ne
2573 2150 2910 2206 suffectorum

584 2237 793 2306 quidem
816 2238 928 2289 loco
954 2236 1156 2302 habuit;
1181 2237 1318 2306 quod
1342 2236 1535 2289 frustra
1558 2237 1776 2289 miratus
1802 2241 1882 2288 est
1900 2235 2134 2306 Scaliger
2150 2235 2239 2289 lib.
2254 2253 2322 2289 vr.
2341 2235 2405 2288 de
2425 2234 2639 2292 Emend.
2657 2253 2780 2308 pag.
2792 2237 2910 2291 521.

717 2321 798 2373 Ex
822 2321 916 2374 hac
942 2322 1122 2374 eadem
1144 2323 1351 2391 collegii
1373 2322 1706 2375 distractione
1729 2322 1951 2386 factum,
1976 2327 2034 2374 ut
2052 2322 2255 2374 Vinucii
2280 2338 2340 2374 ac
2357 2321 2582 2391 Longini
2605 2324 2910 2376 consulatus

583 2404 722 2476 apud
763 2404 1107 2476 Epiphaniam
1152 2406 1271 2459 sede
1307 2422 1402 2460 sua
1434 2408 1647 2460 luxatus
1679 2425 1868 2462 xxxm.
1903 2409 2017 2460 loco
2053 2424 2085 2459 a
2119 2408 2418 2460 consulibus
2442 2408 2681 2477 Augusto
2707 2427 2822 2464 xm.
2860 2415 2914 2463 et

583 2490 794 2545 Silvano
817 2497 1108 2576 poneretuf,
1133 2508 1252 2544 cnm
1276 2510 1441 2546 xxxn.
1465 2509 1581 2546 esse
1606 2493 1854 2546 debuerit.
1898 2492 2104 2545 Etenim
2127 2508 2264 2545 anno
2283 2492 2344 2546 U.
2366 2491 2422 2546 C.
2449 2508 2804 2559 nccnxxxru„
2827 2494 2909 2548 Iu-

582 2575 721 2630 liano
747 2594 900 2630 cxxv.
915 2618 927 2641 ‚
955 2577 1197 2647 congruit
1219 2577 1406 2631 Vinicii
1429 2579 1729 2631 consulatus
1743 2619 1755 2643 ,
1781 2578 1935 2647 idque
1957 2593 2024 2631 ex
2047 2578 2368 2633 varroniana
2389 2577 2604 2649 epocha.
2653 2578 2788 2634 Nam
2811 2578 2910 2634 Ga·

582 2663 785 2733 pitolini
800 2662 943 2715 Fasti
961 2678 1098 2717 anno
1118 2678 1427 2718 nccnxxxn.
1448 2664 1717 2717 collocant.
1753 2664 1812 2717 In
1831 2680 1933 2733 quo
1952 2664 2170 2717 mirifice
2186 2663 2531 2718 hallucinatus
2554 2670 2637 2718 est
2653 2665 2910 2736 Scaliger,

583 2747 707 2801 dum
725 2747 999 2802 Onufrium
1024 2750 1195 2819 arguit
1212 2750 1348 2819 quod
1374 2751 1702 2803 consulatum
1719 2750 1908 2803 Vinicii
1930 2750 1984 2803 in
2002 2766 2334 2803 nccnxxxm.
2353 2750 2626 2803 contulerit
2641 2767 2706 2803 ex
2723 2751 2910 2805 Varro-

580 2835 664 2887 nis
688 2835 969 2899 sententia,
1004 2850 1123 2888 cum
1148 2833 1490 2888 Catonianum
1516 2842 1569 2888 et
1591 2834 1937 2906 Capitolinum
1963 2851 2217 2889 annorum
2239 2850 2515 2888 numerum
2538 2836 2689 2905 sequi
2710 2853 2766 2889 se
2792 2853 2910 2907 pro-

578 2919 802 2974 fiteatur.
852 2918 964 2984 Quo
994 2920 1123 2973 nihil
1158 2920 1342 2975 falsius
1378 2921 1615 2974 excidere
1639 2921 1907 2991 Scaligero
1939 2920 2121 2991 potuit.
2171 2919 2417 2973 Onufrius
2445 2921 2583 2973 enim
2609 2919 2905 2977 Comment.

580 3005 634 3057 in
658 3005 691 3059 l.
717 3023 751 3058 ι.
774 3005 912 3059 Fast.
940 3006 993 3058 in
1016 3006 1121 3059 fine
1144 3006 1408 3059 Diatribae
1454 3007 1517 3059 de
1540 3023 1678 3059 anno
1703 3006 1855 3059 Urbis
1880 3006 2116 3058 conditae
2139 3005 2494 3058 disertissimis
2519 3006 2694 3059 verbis
2718 3006 2910 3061 Varro-

580 3105 701 3143 nem
723 3096 959 3143 secutum
984 3106 1039 3143 se
1062 3107 1177 3144 esse
1202 3096 1432 3145 testatur.
1496 3092 1771 3153 Varronis,
1804 3091 1998 3160 inquit,
2032 3093 2326 3143 sententiam
2351 3094 2403 3141 in
2427 3091 2507 3142 his
2530 3091 2712 3144 Factis
2736 3110 2812 3144 me
2834 3110 2910 3145 se·

580 3178 878 3245 quisateor5
906 3194 999 3227 non
1023 3178 1155 3245 quod
1175 3180 1224 3228 ei
1244 3179 1410 3243 Μαρία
1431 3195 1580 3246 quam
1600 3177 1653 3228 F
1651 3177 1766 3228 abio
1785 3175 2005 3239 Pie-tori,
2030 3177 2111 3227 vel
2130 3176 2308 3229 Verrio
2331 3175 2524 3229 Flacco
2549 3186 2644 3229 aut
2656 3177 2909 3246 Dionysio

582 3260 811 3322 credam,
847 3261 940 3311 sed
968 3262 1099 3327 quod
1128 3266 1236 3312 eius
1265 3266 1557 3313 sententiam
1584 3264 1784 3330 passim
1821 3261 1885 3311 ab
1919 3261 2140 3313 omnibus
2171 3265 2633 3331 susceptamfin'sse
2669 3265 2909 3317 animad-

579 3349 838 3406 verterim,
873 3354 1019 3411 atque
1050 3354 1288 3413 tanquam
1320 3349 1534 3397 omnium
1567 3350 1882 3398 verissimam
1916 3350 2339 3414 certissimamque
2371 3347 2706 3400 observatam.
2759 3347 2912 3413 Quod

580 3429 646 3481 ab
670 3443 732 3481 eo
757 3433 1016 3482 servatum
1040 3446 1152 3482 esse
1167 3470 1179 3493 ,
1215 3430 1489 3484 discrimen
1512 3432 1667 3484 unius
1703 3431 1852 3496 anni,
1884 3448 1988 3501 quo
2019 3432 2158 3484 illius
2180 3430 2324 3484 Fasti
2355 3448 2387 3484 a
2410 3430 2717 3502 Capitolinis
2751 3440 2807 3487 et
2829 3433 2911 3488 Si-

580 3512 821 3583 gonianis
846 3512 1109 3580 differunt,
1135 3516 1262 3568 satis
1288 3516 1525 3570 ostendit.
1563 3517 1656 3569 Hic
1680 3518 1766 3569 ille
1789 3533 1940 3586 porro
1951 3517 2185 3570 Vinicius
2211 3522 2291 3569 est
2313 3517 2397 3569 cui
2419 3514 2728 3572 historicum
2752 3535 2909 3574 suum

579 3598 889 3652 breviarium
916 3601 1137 3652 Velleius
1168 3602 1452 3671 inscripsit3
1487 3603 1633 3654 cuius
1666 3601 1733 3655 ad
1766 3603 2096 3655 consulatum
2128 3601 2194 3654 ab
2230 3600 2380 3655 Urbis
2415 3604 2563 3655 initio
2596 3621 2706 3658 non
2738 3621 2908 3659 annos

577 3685 805 3755 praecise
836 3700 1150 3739 nccraxxxm
1185 3694 1445 3752 numerat,
1480 3692 1538 3739 ut
1570 3687 1749 3739 scribit
1778 3688 2030 3758 Scaliger,
2070 3686 2160 3739 sed
2195 3702 2502 3742 nccuxxxn.
2591 3688 2911 3761 Quanquam

578 3770 826 3823 mendum
848 3770 983 3823 inest
1005 3770 1058 3823 in
1083 3772 1335 3836 numeris,
1369 3778 1421 3824 et
1450 3788 1744 3825 nccuxxxu
1772 3771 2161 3825 restituendum.
2217 3771 2284 3824 Et
2316 3778 2438 3825 sunt
2469 3774 2668 3843 alioqui
2702 3777 2912 3832 numeri

576 3856 712 3925 apud
735 3856 990 3909 Velleium
1024 3872 1203 3909 omnes
1237 3858 1610 3928 propemodum
1645 3858 1844 3922 vitiosi,
1890 3861 1982 3909 aut
2019 3862 2157 3913 certe
2192 3872 2375 3927 parum
2395 3842 2497 3910 'ille
2540 3859 2643 3912 sibi
2682 3867 2911 3928 constat,

578 3940 703 3994 dum
725 3942 855 3994 alios
880 3948 1033 4011 atque
1058 3942 1187 3995 alios
1220 3949 1425 3996 autores
1460 3944 1710 4013 sequitur.
1758 3942 1939 4011 Itaque
1971 3947 2145 3994 utrum
2166 3941 2565 4009 Varronianam,
2601 3959 2671 3997 an
2695 3944 2911 4017 Capito-

575 4027 764 4092 linam,
801 4043 958 4097 quam
994 4027 1332 4081 Catonianam
1366 4036 1519 4081 vocat
1547 4029 1796 4098 Scaliger,
1828 4028 2082 4080 rationem
2115 4028 2359 4091 tenuerit,
2395 4034 2532 4082 certo
2574 4034 2912 4099 pronunciari

574 4114 771 4183 nequit.
818 4112 1094 4184 Scripsisse
1120 4112 1326 4183 quidem
1351 4115 1431 4166 vel
1466 4130 1603 4167 anno
1637 4115 1780 4183 ipso,
1813 4129 1914 4181 quo
1939 4113 2170 4165 Vinicius
2203 4113 2383 4165 consul
2416 4113 2541 4179 fuit,
2572 4116 2657 4168 vel
2692 4117 2911 4171 ineunte

576 4199 812 4269 sequenti
835 4200 1018 4252 saltem
1043 4199 1326 4251 absolvisse
1351 4198 1468 4251 inde
1490 4200 1675 4269 liquet,
1713 4198 1851 4267 quod
1879 4195 2111 4249 florentis
2136 4196 2301 4250 adhuc
2324 4197 2500 4251 Seiani
2525 4202 2700 4270 operis
2722 4202 2780 4255 in
2805 4203 2912 4256 fine

574 4286 837 4348 meminit,
863 4287 951 4354 qui
973 4285 1176 4337 Tiberio
1202 4303 1249 4337 v.
1275 4300 1379 4336 cos,
1397 4323 1409 4347 ‚
1432 4283 1530 4335 hoc
1556 4288 1637 4335 est
1661 4282 1810 4335 Urbis
1836 4296 2183 4345 nccnxxxrv„
2207 4281 2511 4353 profligatus
2538 4290 2633 4338 est.
2682 4285 2839 4350 Quod
2865 4289 2912 4342 si

573 4371 648 4422 ita
669 4376 762 4433 est,
786 4371 958 4423 locum
984 4368 1134 4422 habet
1154 4369 1353 4422 nullum
1373 4368 1555 4420 eruditi
1568 4369 1666 4420 viri
1688 4368 1999 4429 coniectura,
2026 4367 2116 4435 qui
2133 4366 2519 4422 dubitarevisus
2538 4378 2620 4423 est
2642 4387 2713 4424 an
2739 4378 2909 4427 trans-

571 4456 729 4526 positi
764 4456 1061 4507 cousulatus
1097 4462 1294 4518 essent,
1341 4459 1397 4506 ut
1430 4453 1667 4506 Tiberius
1700 4472 1748 4506 v.
1792 4458 1845 4503 et
1877 4450 2099 4504 Seianus
2136 4467 2273 4505 anno
2297 4469 2657 4521 occanum,
2699 4457 2907 4513 Iuliano

573 4559 754 4604 mxxv„
787 4541 1121 4604 conveniant,
1146 4538 1396 4591 Vinucius
1429 4542 1606 4589 autem
1640 4542 1692 4589 et
1726 4536 1935 4589 Cassius
1961 4551 2310 4599 nocuum,
2342 4538 2546 4593 Iuliano
2571 4559 2754 4596 nxxvr.
2807 4542 2907 4597 Ge·

572 4627 832 4682 minorum
857 4630 994 4681 certe
1018 4625 1315 4678 consulatus
1338 4623 1551 4676 incurrit
1575 4623 1627 4675 iu
1652 4638 1847 4675 annum
1865 4620 2056 4675 Tiberii
2079 4639 2162 4676 xv.
2189 4621 2444 4676 labentem
2477 4629 2532 4677 et
2561 4626 2630 4679 ab
2658 4628 2907 4699 Augusto
