3185 5219
1133 434 1451 487 scamis
1483 436 1569 485 AB
1605 434 1747 485 Anu.
1787 432 2038 483 immo.
2617 412 2737 478 113

435 554 678 610 ξαυτὸν
712 553 868 610 θεὸν
902 549 1246 622 ὠνόμασε]
1285 553 1571 606 Acenratius
1600 552 1789 604 Noster
1813 554 1875 603 T.
1900 554 1938 602 1.
1974 568 2023 618 p.
2047 553 2128 601 20.
2182 545 2465 614 Σιωπήν
2498 544 2569 603 Bk
2602 540 2742 614 ἅμα

435 634 676 695 οἷσκεῖν
726 639 842 695 ἐπὶ
891 637 1130 709 χρόνον
1181 638 1391 693 πέντε
1441 636 1607 692 ἑτῶν
1643 635 2007 693 ἐδίδασκε·
2061 632 2120 690 τό
2156 636 2436 688 τελευταῖον
2471 631 2531 687 δὲ
2564 629 2742 685 ἐαυτὸν

434 722 552 781 θεὸν
586 720 839 793 ὀνόμασι.
891 735 944 776 et
986 727 1048 776 T.
1081 726 1167 776 ΙΙΙ.
1201 742 1252 792 p.
1284 728 1386 774 498
1418 727 1614 791 (1087).
1681 718 2049 776 Ἐκέλευσε
2084 717 2155 775 δὲ
2189 718 2305 772 καὶ
2336 722 2485 778 τοῖς
2519 717 2740 785 μαθη-

433 815 581 870 ταῖς
628 806 836 864 αὐτοῦ
888 809 1148 863 σιωπᾶν
1197 808 1309 863 ἐπὶ
1356 809 1693 876 πενταετῆ
1741 805 1986 877 χρόνον
2039 814 2137 856 cet.
2210 802 2358 857 Conf.
2400 806 2590 866 (ἕτερον.
2623 802 2740 854 Nus.

434 896 750 947 Onxxvn.
784 912 835 962 p.
855 899 972 945 494.
996 896 1057 945 D.
1097 893 1261 949 Βάλλε
1297 912 1383 961 μοι
1407 890 1717 961 Πυθαγόρου
1752 891 1844 960 τὴν
1876 888 2087 955 σιωπήν.
2142 899 2193 940 et
2228 889 2397 940 Elium
2432 891 2552 939 Cret.
2588 887 2742 938 Com-

432 991 585 1030 ment.
615 980 711 1031 col.
746 984 861 1031 897.
893 980 945 1034 C.
1017 981 1163 1032 Plura
1193 979 1360 1032 videas
1389 997 1470 1047 sp.
1505 982 1690 1043 Μανιος.
1722 978 1786 1028 nd
1820 981 1954 1042 Πίος.
1991 980 2147 1028 Lam.
2178 974 2314 1024 Vm.
2347 976 2427 1022 10.

571 1066 625 1115 Ρ.
659 1068 758 1116 546
792 1068 953 1134 (182).
1022 1062 1191 1120 α’λλά
1236 1062 1395 1126 τοῦς
1446 1064 1774 1123 θέλοντας
1818 1068 1975 1123 ταῖς
2026 1058 2470 1131 βουλομέναις
2520 1062 2741 1111 συνεῑ·

431 1152 574 1217 ναι]
622 1147 779 1205 ’Δλλά
812 1150 928 1214 τοῦς
958 1167 1050 1220 pro
1083 1150 1214 1218 vulg.
1243 1144 1353 1205 ἀλλ’
1385 1145 1571 1210 αὐτοῦς
1608 1149 1670 1200 cl.
1703 1148 1869 1200 editor
1895 1165 1954 1199 ex
1987 1145 2128 1198 libris
2164 1161 2280 1196 mss.
2314 1143 2552 1213 reposuit.
2620 1142 2735 1194 Vid.

433 1246 604 1287 annot.
638 1236 690 1287 in
725 1238 788 1289 T.
815 1241 853 1287 Ι.
889 1255 938 1305 p.
960 1241 1057 1288 892
1092 1238 1253 1304 (211).

567 1324 624 1373 P.
657 1326 757 1373 548
790 1324 948 1391 (134).
1020 1320 1343 1392 σχήματα
1377 1315 2069 1387 ἐὸελοθρησκευτικὰ
2104 1319 2229 1384 τῆς
2263 1313 2738 1383 ένδυμενείας]

430 1401 934 1474 Ἔῦελοθρησκοτικά
970 1407 1116 1459 codd.
1151 1423 1264 1457 mss.
1312 1415 1364 1456 et
1396 1405 1474 1456 ed.
1509 1406 1682 1467 Basil.;
1731 1399 2202 1471 ἐθελοθρησκητικὰ
2237 1400 2319 1452 ed.
2354 1401 2526 1451 Petar.
2594 1398 2743 1461 Quod

434 1491 495 1543 cl.
539 1494 758 1544 Ochum
791 1491 984 1561 recepit
1017 1489 1537 1559 ἑθελοῦρησκευτικᾶ,
1590 1501 1753 1541 exstat
1787 1507 1867 1557 ep.
1903 1491 2149 1553 Epiphnn.
2183 1489 2246 1539 T.
2276 1489 2314 1537 1.
2351 1504 2401 1554 p.
2432 1490 2513 1536 22.
2561 1485 2673 1536 Vox
2711 1500 2740 1533 a

433 1576 627 1627 Lexicis
658 1577 815 1628 abest.
891 1577 1081 1632 Deinde
1114 1575 1432 1644 ένδυμενείας
1467 1593 1558 1644 pro
1592 1569 1884 1643 ένδυμενίας
1916 1592 1997 1643 ap.
2032 1575 2211 1638 Ερίρὴ.
2246 1571 2279 1623 l.
2313 1589 2386 1633 c.,
2422 1569 2554 1639 quod
2588 1586 2738 1638 prae-

431 1670 548 1712 stat.
620 1661 735 1713 Vid.
767 1666 1018 1727 Phrynich.
1057 1674 1107 1713 et
1139 1664 1332 1714 Lobeck.
1370 1679 1419 1729 p.
1444 1665 1561 1712 548.

565 1750 620 1799 Ρ.
652 1752 751 1798 558
789 1751 947 1816 (199).
1005 1741 1291 1809 ’Ἑδειξε
1325 1744 1395 1801 δὲ
1433 1745 1962 1815 αἰσχροποιίαν,
2014 1743 2136 1812 τὴν
2173 1741 2354 1811 μίξιν
2391 1739 2742 1809 μολυσμοῦ

429 1834 769 1899 γυναικῶν
802 1827 1229 1902 α’διάφορον.]
1269 1833 1400 1883 Hinc
1433 1831 1740 1882 emendanda
1776 1842 1891 1882 sunt
1924 1831 2021 1882 ista
2053 1833 2114 1882 Τ.
2148 1833 2178 1879 Ι.
2232 1847 2281 1897 p.
2315 1831 2411 1877 116
2448 1827 2555 1895 (52)
2590 1821 2741 1880 ’EM-

430 1915 556 1980 δαξε
587 1915 646 1972 δὲ
677 1917 1047 1987 αἰοχροποιίαν,
1085 1917 1216 1984 μίξιν
1249 1919 1538 1984 μολυσμοῦ,
1572 1918 1821 1983 γυναικῶν
1853 1910 2168 1984 ἀδιαφορίαν.
2206 1930 2305 1981 quo
2337 1914 2452 1964 loco
2487 1911 2598 1965 eod.
2628 1912 2745 1962 Vnt.

429 2000 525 2071 τήν
548 2001 679 2070 μίξιν
697 2041 714 2065 ,
750 2004 861 2054 ood.
892 2006 1016 2054 Ven.
1052 1999 1356 2069 ἀδιάφορον,
1392 2001 1621 2052 nimirum
1658 2002 1846 2068 virgula
1874 2011 1991 2070 post
2023 1999 2282 2067 μολυσμοῦ
2314 2009 2449 2049 reete
2478 1999 2676 2049 omissa.

570 2089 624 2139 P.
662 2090 762 2138 560
797 2090 959 2156 (140).
1028 2085 1291 2148 ταύτας
1326 2086 1575 2155 έθυμία
1611 2086 1728 2140 καὶ
1760 2084 2183 2152 προςεκῦνει]
2223 2084 2577 2136 Scribendnm:
2612 2080 2742 2136 ταύ-

433 2190 557 2233 ταις.
627 2175 754 2224 Num
790 2174 976 2241 θυμιᾶν
1007 2192 1055 2226 τι
1086 2173 1299 2236 dicitur,
1333 2173 1417 2242 qui
1452 2173 1617 2241 eliqua
1652 2190 1705 2223 re
1734 2171 1799 2223 ad
1831 2169 2137 2222 suffitionem
2172 2170 2340 2221 utitur.
2408 2168 2547 2220 Nihil
2575 2176 2743 2218 nutem

435 2258 618 2318 obstat,
654 2260 915 2327 quominus
949 2264 1235 2325 προςκυνεῖν
1271 2276 1382 2309 cum
1411 2258 1563 2309 tertio
1597 2275 1709 2309 essu
1742 2267 2084 2325 componatur.
2157 2255 2270 2306 Vid.
2307 2257 2595 2310 saulem.
2619 2254 2740 2304 Lex.

431 2343 482 2393 in
517 2345 579 2394 N.
601 2346 739 2395 Test-
773 2347 834 2396 Τ.
864 2347 924 2396 11.
962 2362 1010 2412 p.
1039 2347 1152 2395 750.

566 2431 621 2480 P.
654 2432 751 2480 562
790 2431 950 2497 (141).
1019 2429 1134 2483 καὶ
1175 2425 1264 2489 ὥς
1298 2425 1407 2483 διὰ
1449 2428 1751 2496 σωλῆνας
1798 2425 1918 2496 τὴν
1952 2426 2216 2495 Μαρίαν
2249 2423 2739 2493 πεπερακέναι]

433 2512 509 2561 De
539 2513 701 2563 verbis
733 2511 824 2579 τὴν
856 2513 1056 2580 Μαρίαν
1102 2514 1152 2564 in
1186 2514 1283 2582 τῆς
1315 2513 1518 2580 Μαρίας
1566 2512 1815 2564 mutandis
1862 2512 2030 2564 monui
2080 2512 2146 2564 ad
2190 2515 2253 2565 T.
2280 2515 2317 2562 1.
2364 2529 2413 2580 p.
2447 2515 2545 2563 812
2581 2512 2740 2579 (167).

430 2596 741 2664 praepositio
787 2618 888 2650 non
933 2599 1147 2668 repetite
1174 2600 1418 2652 nemiuem
1450 2599 1644 2651 Graece
1679 2598 1884 2651 doctum
1918 2598 2205 2651 morabitur.
2274 2596 2468 2650 Videsis
2500 2599 2739 2649 Matthiae.

429 2681 516 2732 Gr.
548 2683 635 2734 Gr.
669 2684 834 2752 Δωρί.
866 2688 908 2754 §.
927 2688 1041 2735 595.
1071 2691 1119 2736 4.

567 2769 622 2820 P.
656 2772 754 2819 582
791 2771 951 2839 (152).
1016 2767 1055 2836 τί
1091 2765 1439 2838 εῦφρασία
1470 2767 1511 2838 ‘q‘
1543 2770 1843 2825 πνέουσα
1891 2766 2007 2824 τόν
2056 2767 2313 2837 κύπρον
2360 2769 2483 2833 τῆς
2528 2763 2743 2835 α’μπέ-

429 2853 561 2921 λου]
602 2855 677 2904 De
709 2872 834 2906 voce
866 2852 1050 2923 κύπρον
1082 2855 1131 2906 in
1164 2855 1339 2923 κύπριν
1372 2856 1609 2907 mutanda
1644 2855 1743 2907 vid.
1778 2865 1951 2907 annot.
1988 2854 2039 2905 in
2074 2856 2244 2907 T.111.
2277 2872 2328 2922 p.
2352 2857 2451 2904 514
2490 2856 2687 2922 (1096).

561 2939 615 2988 P.
632 2943 732 2990 584
766 2942 926 3008 (158).
976 2935 1374 3007 ἀνδρωθεὶς
1407 2941 1489 3009 τῇ
1524 2937 1792 3010 ἡλικίᾳ]
1829 2936 2126 3008 ’Δδρυνθεὶς
2161 2957 2211 3007 p.
2234 2943 2333 2991 516
2372 2940 2568 3007 (1097).
2622 2938 2739 2992 vid.

425 3033 598 3073 annot.
636 3024 687 3074 in
722 3027 786 3077 T.
811 3028 847 3075 1.
886 3044 936 3094 p.
959 3029 1056 3077 202
1093 3026 1254 3093 (102).

559 3110 613 3162 P.
648 3114 746 3160 584
784 3114 945 3179 (154).
999 3139 1079 3160 -.
1130 3105 1465 3164 Ἐνταῦθα
1512 3111 1587 3166 δὲ
1638 3110 2312 3180 ἰσχυροποιουμένων
2348 3111 2467 3179 oet.]
2512 3113 2586 3162 De
2620 3126 2740 3163 eor-

423 3191 628 3259 rigende
658 3195 1062 3264 interpunctione
1097 3195 1306 3246 vidimus
1336 3196 1402 3247 sd
1434 3198 1495 3247 T.
1524 3199 1613 3247 ΙΙΙ.
1659 3214 1706 3263 p.
1741 3199 1839 3246 516
1876 3196 2089 3264 (1098).·
2142 3197 2265 3247 Mox
2294 3207 2412 3248 ante
2458 3196 2612 3248 verbu
2656 3196 2744 3250 καὶ

424 3277 615 3347 βρῶσις
647 3291 742 3332 cet.
776 3291 828 3331 et
873 3280 962 3335 καὶ
998 3276 1091 3351 οῦχ
1130 3280 1212 3335 ἵνα
1248 3290 1343 3332 oet.
1396 3279 1595 3332 nonnisi
1628 3280 1819 3349 virgula
1854 3282 2261 3350 intel-pungetur,
2316 3282 2388 3332 uti
2434 3282 2491 3333 fit
2537 3300 2587 3350 p.
2621 3284 2738 3333 516.

423 3365 524 3414 518
555 3367 748 3433 (1098).
821 3366 1013 3417 Deinde
1046 3376 1162 3417 ante
1197 3365 1350 3417 verba
1378 3354 1604 3421 u’vsssuiv
1640 3363 1741 3422 οἷπό
1776 3367 1865 3421 τοῦ
1895 3363 2154 3435 Ἰορδάνου
2190 3378 2286 3419 οοῖ.
2328 3367 2491 3436 μέσην
2521 3383 2616 3436 pro
2647 3384 2738 3421 τε·

421 3448 534 3519 λείᾳ
565 3450 687 3517 poni
718 3451 834 3502 iussi
870 3452 935 3502 ad
972 3471 1021 3520 p.
1043 3456 1143 3502 518
1179 3453 1374 3520 (1098).

552 3534 607 3584 Ρ.
641 3537 739 3584 584
771 3538 932 3603 (154).
1002 3536 1117 3592 διὰ
1163 3538 1288 3605 τῆς
1322 3575 1368 3590 ..
1402 3532 1791 3606 ὀνομασίας
1836 3537 1963 3604 τῆς
2009 3534 2446 3607 οἶγιαστείας]
2484 3539 2742 3607 Scriptura

417 3613 603 3686 ἅγιαστ
618 3635 645 3671 ε
660 3617 678 3671 ί
692 3636 754 3679 ας
778 3620 1009 3673 hocloco
1031 3639 1133 3674 non
1163 3623 1317 3692 magis
1335 3633 1469 3674 recte
1489 3623 1658 3686 habet,
1680 3639 1827 3691 quam
1851 3641 1903 3692 p.
1928 3625 2027 3672 518
2048 3624 2224 3692 (1098)
2253 3623 2337 3674 ubi
2360 3622 2462 3675 vid.
2482 3633 2740 3676 annotate.

552 3705 606 3755 P.
646 3708 745 3754 586
780 3707 941 3773 (154).
1008 3707 1115 3761 ἵνα
1166 3705 1250 3776 μή
1303 3704 1678 3774 συναλοιφή
1714 3703 1753 3775 ‘ef
1788 3704 1988 3773 τριάς
2022 3708 2337 3776 νομισῦῇ]
2382 3711 2455 3758 De
2489 3709 2736 3777 scripturn

417 3787 694 3858 συναλοιφή
733 3790 834 3842 vid.
871 3802 1043 3843 annot.
1078 3793 1141 3844 ad
1177 3811 1226 3861 p.
1250 3797 1349 3843 518
1387 3792 1583 3861 (1098).
2726 3854 2733 3863 ,

555 3879 609 3929 Ρ.
651 3880 749 3927 586
785 3877 944 3944 (154).
980 3905 1062 3926 -.
1099 3874 1174 3930 ‘0
1231 3873 1393 3944 ὑπὲρ
1441 3873 1636 3945 ἡμῶν
1681 3874 1753 3931 τό
1801 3874 2023 3939 πάθος
2057 3873 2448 3946 ὑπομείνας
2479 3880 2599 3948 eet-J
2637 3880 2734 3932 Pro

426 3961 596 4032 τελείᾳ
629 3978 762 4030 pone
795 3961 987 4029 μέσην,
1024 3961 1152 4012 sicut
1184 3973 1320 4013 recte
1354 3962 1675 4030 distinguitur
1708 3981 1757 4032 p.
1789 3966 1889 4013 518
1926 3965 2104 4031 (1099)

551 4047 603 4099 Ρ.
639 4051 739 4098 688
771 4048 931 4116 (155).
970 4077 1050 4096 -.
1088 4042 1265 4101 Αὐτὸ
1302 4044 1372 4101 τὸ
1413 4048 1613 4115 σῶμα
1644 4048 1764 4116 σοι]
1802 4047 1919 4098 Vid.
1953 4058 2126 4101 annot.
2157 4048 2223 4099 ad
2254 4068 2303 4119 p.
2336 4053 2435 4100 520
2471 4051 2667 4117 (1099).

541 4132 596 4182 Ρ.
628 4137 728 4183 588
762 4134 918 4201 (1156).
991 4129 1104 4186 σὺν
1140 4169 1183 4183 ..
1217 4130 1404 4202 παίσῃ
1454 4134 1536 4202 τῇ
1575 4129 2095 4202 α’νὲτρωπότητι]
2131 4134 2227 4184 Pro
2259 4127 2619 4202 ἅνθρωπότητι
2648 4138 2741 4187 Pe-

411 4220 568 4268 tevins
599 4217 664 4267 de
692 4235 782 4268 suo
809 4218 949 4268 dedit
982 4216 1397 4284 ivavSptomfoet‚
1435 4217 1734 4286 respiciens,
1773 4218 1984 4286 opinor,
2021 4235 2171 4285 supra
2202 4217 2336 4269 dicte
2379 4237 2428 4287 p.
2449 4222 2547 4269 586
2587 4223 2730 4289 (154)

408 4298 459 4354 ἐν
490 4304 558 4371 τῇ
588 4302 758 4373 τελείᾳ
804 4301 1197 4371 ένανῦρωπήσει.
1269 4306 1348 4355 Tu
1382 4302 1496 4354 vide
1529 4314 1703 4356 annot.
1734 4304 1785 4353 in
1816 4306 1877 4355 T.
1899 4305 1984 4356 ΙΙΙ.
2023 4321 2071 4371 p.
2100 4307 2165 4353 88
2202 4304 2364 4371 (155).

539 4389 593 4439 Ρ.
632 4391 731 4437 588
768 4390 924 4457 (156).
996 4384 1088 4449 ὥς
1136 4387 1253 4441 καὶ
1303 4385 1381 4442 τὰ
1429 4385 1629 4455 ἡμῶν
1680 4385 1958 4455 σώματα
2008 4388 2269 4455 μέλλει·
2307 4390 2413 4458 -.]
2466 4391 2561 4441 Pro
2602 4391 2733 4459 vulg.

385 4471 537 4540 ,μέλη
590 4472 650 4525 cl.
689 4475 910 4525 oehlerus
943 4472 1113 4539 μέλλει
1161 4491 1219 4523 ex
1263 4475 1439 4524 Psuar.
1491 4491 1541 4541 p.
1573 4476 1672 4523 520
1709 4474 1885 4541 (1100)
1935 4473 2129 4541 optimo
2169 4473 2276 4524 iure
2323 4474 2577 4543 reposuit.
2640 4476 2741 4527 Sed

405 4566 579 4617 restet,
619 4567 674 4607 ut
703 4556 925 4609 indidem
963 4555 1252 4626 ἐγείρεσθαι
1283 4575 1376 4626 pro
1408 4556 1681 4626 ἐγείρονται
1712 4568 1788 4608 ter
1819 4558 2055 4627 deinceps
2092 4558 2408 4639 rescribatur,
2448 4560 2584 4630 μέσῃ
2619 4546 2742 4630 post

404 4641 575 4711 μέλλει
603 4641 812 4695 sublata.

506 4723 686 4781 corpu·
706 4724 982 4772 Beereseol.
1023 4725 1104 4772 111.
2285 4733 2326 4798 8
