3185 5219
628 352 799 410 xlm

629 520 862 580 agroque
887 508 1167 575 collocata,
1201 507 1586 580 pronunciavit,
1626 524 1734 563 non
1766 512 1886 563 ante
1917 524 2240 565 recessuram
2271 511 2338 565 ab
2369 527 2434 565 ea
2453 515 2767 583 potestatem
2798 514 2955 583 atque

627 595 908 667 imperium
937 612 1000 649 00
1021 594 1238 666 reipubl.
1272 594 1496 648 formam
1530 609 1690 664 quam
1722 593 1956 648 Christus
1989 595 2300 652 advenisset.
2366 597 2506 651 Haec
2539 597 2657 669 ipsa
2685 598 2956 668 utriusque

630 682 784 751 regni
806 680 1124 751 comparatio
1148 696 1254 734 11011
1275 679 1604 734 mediocriter
1625 680 1691 734 ad
1713 680 2076 735 illustrandum
2101 683 2364 736 oraculum
2387 681 2515 736 illud
2537 684 2793 781 pertinere
2815 682 2955 736 vide-

627 770 730 821 tur.
798 766 880 820 Ex
904 783 1006 838 quo
1030 782 1353 837 consequens
1378 771 1458 819 est
1480 766 1537 819 in
1557 766 1855 820 Alexandro
1887 767 2100 821 minime
2131 767 2346 822 fatalem
2375 769 2520 823 illam
2550 768 2754 839 imperii
2788 767 2955 838 digni·

628 856 791 906 tatem
814 867 876 906 ac
899 856 1211 922 potestatem
1234 850 1475 918 desiisse,
1500 850 1591 905 sed
1613 857 1736 923 post
1757 849 1949 906 Christi
1971 852 2293 908 nativitatem
2319 859 2373 906 et
2390 852 2608 907 Herodis
2631 854 2832 907 obitum
2866 871 2956 907 ex-

626 936 800 1007 tingui
832 936 1090 1008 coepisse,
1129 936 1183 991 in
1215 937 1544 1008 ipsojautem
1574 937 1721 991 urbis
1754 937 1957 992 excidio
1989 938 2223 993 funditus
2255 939 2492 994 deletam.
2569 938 2785 994 Caetera
2817 937 2955 1011 apud

623 1021 914 1077 Perrerium
934 1028 1174 1078 nostrum
1194 1022 1373 1094 legito.

761 1107 959 1161 Διέπεσε
980 1108 1076 1181 γὰρ
1099 1108 1131 1177 ἡ
1156 1106 1319 1179 τάξις.)
1389 1107 1535 1174 Quae
1563 1106 1650 1163 hic
1681 1108 1749 1163 ab
1778 1108 2069 1182 Epiphanio
2110 1116 2409 1176 narrantur,
2449 1124 2619 1181 neque
2659 1124 2837 1165 secum
2870 1126 2955 1165 co·

624 1192 864 1261 haerent,
903 1211 1001 1250 nec
1026 1211 1146 1249 cum
1179 1193 1425 1249 historiae
1447 1194 1549 1248 fide
1583 1196 1930 1250 consentiunt.
1996 1195 2373 1267 Legitimorum
2411 1197 2725 1268 principum,
2768 1197 2860 1267 qui
2891 1196 2955 1250 de

622 1280 763 1334 tribu
783 1280 940 1335 Iudae
962 1280 1287 1352 prodierant,
1322 1282 1511 1334 seriem
1532 1280 1856 1335 intercidisse
1879 1286 2051 1353 putat,
2088 1298 2190 1353 quo
2216 1286 2473 1352 tempore,
2513 1282 2621 1335 11110
2657 1279 2816 1351 ἔξότέ,
2856 1281 2957 1336 1100

624 1370 704 1419 est
724 1372 1069 1437 posteaquam
1093 1364 1326 1421 Christus
1349 1365 1639 1421 Bethleemi
1668 1372 1824 1421 natus
1860 1371 1966 1436 est,
2006 1366 2162 1438 idque
2195 1367 2292 1421 sub
2326 1368 2623 1421 Alexandro
2655 1368 2955 1438 contigisse,

625 1452 714 1523 qui
738 1458 1034 1524 postremus
1058 1469 1125 1506 ex
1148 1452 1338 1507 illustri
1360 1468 1422 1506 ac
1445 1452 1590 1524 regia
1613 1453 1704 1506 illa
1724 1452 1927 1505 familia
1955 1452 2079 1518 fuit,
2112 1452 2331 1508 Herodis
2364 1458 2417 1506 et
2448 1453 2674 1523 Augusti
2712 1454 2956 1524 tempori·

624 1538 739 1593 bus.
808 1537 954 1602 0000
979 1539 1155 1593 omnia
1175 1539 1475 1611 perturbata
1499 1543 1622 1592 sunt
1643 1544 1698 1591 et
1729 1536 2076 1608 ἄσόγκλωστα.
2144 1538 2321 1593 Placet
2351 1539 2530 1609 itaque
2558 1539 2810 1610 liquidam
2839 1540 2956 1594 1110-

622 1638 740 1677 rum
764 1624 1060 1696 temporum
1082 1625 1336 1679 rationem
1360 1641 1428 1678 ex
1451 1622 1671 1696 losepho
1695 1624 1915 1694 aliisque
1939 1624 2195 1695 colligere.

759 1709 941 1764 Simon
963 1708 1212 1764 Ionathae
1246 1727 1307 1764 ac
1338 1710 1497 1764 Iudae
1526 1709 1864 1764 Macchabaei
1895 1709 2056 1763 frater
2083 1709 2369 1764 Ptolemaei
2401 1710 2580 1781 generi
2609 1700 2810 1764 insidiis
2842 1727 2955 1765 mo·

621 1794 753 1849 ritui·
775 1811 914 1849 anno
941 1794 1257 1851 Graecorum
1284 1794 1397 1850 177.
1429 1795 1677 1850 lMacch.
1702 1812 1815 1868 cap.
1837 1812 1944 1859 111,
1973 1795 2077 1860 14.,
2111 1796 2201 1865 qui
2224 1800 2275 1849 et
2298 1797 2594 1850 sabbaticus
2618 1798 2754 1862 erat,
2790 1813 2954 1868 quan·

623 1896 782 1952 quam
805 1866 1055 1952 Iosephus
1081 1898 1235 1936 011110
1240 1882 1411 1954 priore
1432 1881 1486 1935 id
1511 1881 1761 1935 accidisse
1785 1880 2069 1952 significet,
2093 1879 2218 1934 dum
2239 1887 2361 1953 post
2381 1881 2608 1936 Simonis
2633 1882 2837 1936 obitum
2860 1898 2954 1937 an-

624 1982 752 2020 num
776 1967 1131 2033 sabbaticum,
1167 1972 1221 2021 et
1251 1967 1462 2038 quidem
1485 1966 1627 2022 haud
1649 1966 1897 2021 mediocri
1923 1967 2222 2032 intervallo,
2263 1968 2496 2039 coepisse
2519 1968 2699 2021 scribit
2719 1968 2812 2024 lib.
2837 1987 2953 2023 xm.

622 2068 737 2124 cap.
763 2070 849 2108 xv.
899 2053 1040 2124 ffigo
1064 2069 1202 2108 anno
1224 2054 1424 2125 periodi
1446 2053 1680 2107 Iulianae
1703 2052 1854 2108 4579.
1869 2092 1882 2118 ,
1915 2068 2096 2106 mense
2119 2070 2216 2119 xr.,
2251 2051 2350 2107 hoc
2374 2060 2456 2107 est
2477 2052 2699 2120 Sebath,
2725 2059 2953 2109 exeunte

621 2139 819 2192 scilicet
838 2137 1037 2206 hieme,
1060 2146 1277 2194 necatus
1301 2145 1396 2194 est.
1466 2138 1662 2193 Eodem
1689 2155 1824 2192 anno
1849 2139 2100 2192 successit
2119 2138 2340 2192 Ioannes
2361 2139 2631 2209 Hyrcanus
2656 2140 2768 2193 eius
2791 2139 2949 2196 filius.

621 2223 721 2289 Qui
744 2225 953 2296 quidem
977 2241 1098 2280 cum
1122 2241 1287 2279 annos
1312 2243 1444 2280 xxxx
1464 2226 1798 2296 imperasset,
1830 2225 2047 2279 moritur
2068 2224 2260 2278 relictis
2281 2243 2314 2277 v
2335 2225 2528 2280 liberis.
2574 2224 2820 2279 Succedit
2839 2227 2952 2279 Ari-

621 2310 859 2365 stobulus
882 2318 1011 2364 natu
1043 2312 1334 2379 maximus,
1378 2311 1467 2384 qui
1488 2311 1689 2382 primus
1712 2311 1918 2381 regium
1942 2311 2043 2364 sibi
2066 2309 2306 2364 diadema
2338 2312 2563 2382 sumpsit
2587 2318 2643 2365 et
2671 2327 2810 2365 011110
2844 2328 2950 2366 uno

620 2396 875 2467 regnavit.
944 2396 1058 2461 Quo
1082 2404 1286 2452 mortuo
1311 2396 1518 2452 Salome
1543 2397 1761 2462 coniux,
1803 2412 1961 2466 quam
1986 2395 2173 2450 Graeci
2205 2397 2552 2450 Alexandrum
2582 2402 2798 2463 vocant,
2836 2398 2952 2452 Ari·
2997 2456 3002 2459 ,

620 2482 816 2536 stobuli
838 2482 1049 2549 statres,
1082 2499 1215 2553 quos
1233 2484 1320 2537 ille
1342 2484 1398 2536 in
1420 2483 1642 2536 vinculis
1673 2481 1948 2547 habuerat,
1982 2482 2161 2546 solvit,
2198 2488 2251 2536 et
2272 2481 2556 2536 Iannaeum
2577 2483 2950 2550 Alexandrum,

621 2568 711 2640 qui
751 2573 804 2623 et
836 2572 1006 2623 aetate
1037 2572 1091 2623 et
1122 2568 1476 2624 moderatione
1505 2569 1806 2641 praestabat
1835 2567 2050 2623 caeteris
2064 2608 2077 2634 ,
2123 2583 2304 2639 regem
2337 2569 2624 2623 constituit.
2689 2568 2953 2641 Regnavit

617 2653 703 2708 hic
725 2671 889 2709 annos
912 2673 1089 2722 xxvn,
1128 2656 1449 2727 moriturque
1473 2656 1660 2709 aetatis
1684 2671 1821 2709 anno
1845 2672 1958 2723 xr..,
1991 2655 2186 2708 relictis
2216 2670 2335 2708 cum
2368 2671 2535 2709 uxore
2557 2656 2855 2710 Alexandra
2887 2657 2950 2710 li-

617 2741 756 2795 beris
781 2741 985 2795 duobus
1010 2741 1253 2812 Hyrcano
1288 2746 1344 2795 et
1372 2741 1691 2796 Aristobulo.
1759 2742 1829 2795 At
1866 2740 2166 2796 Alexandra
2195 2756 2361 2796 annos
2382 2759 2440 2795 rx
2472 2753 2695 2811 regnum
2726 2741 2950 2797 admini-

617 2827 816 2880 stravit.
884 2826 1011 2881 Post
1033 2829 1181 2882 cuius
1206 2827 1407 2881 obitum
1431 2827 1584 2881 ambo
1609 2826 1796 2881 fratres
1831 2827 1908 2881 ita
1936 2828 2071 2881 inter
2093 2843 2150 2880 se
2185 2832 2560 2893 convenerunt,
2594 2832 2653 2881 ut
2677 2828 2952 2898 Hyrcanas

615 2912 981 2984 pontificatum
999 2918 1221 2979 teneret,
1245 2912 1579 2968 Aristobqus
1597 2927 1834 2983 reguum.
1900 2912 2169 2983 Hyrcanas
2187 2929 2453 2967 summum
2470 2913 2816 2967 sacerdotium
2831 2914 2950 2968 iniit

617 2998 765 3053 Coss.
788 2998 1065 3054 Hortensio
1089 3005 1141 3052 et
1161 2999 1373 3053 Metello
1388 3038 1403 3065 ,
1427 2999 1517 3069 qui
1540 3003 1621 3052 est
1644 3014 1812 3053 annus
1834 2996 1989 3052 Urbis
2024 3014 2256 3053 ucxxov.
2324 2999 2386 3052 In
2419 3015 2576 3069 quem
2610 3000 2735 3053 anni
2761 2999 2840 3053 illi
2880 3016 2948 3053 ex

618 3083 838 3155 Iosepho
863 3084 1170 3154 singillatim
1187 3085 1477 3138 enumerati
1498 3084 1756 3151 incidunt,
1780 3084 1827 3138 si
1847 3099 2012 3137 unum
2035 3084 2292 3139 duntaxat
2311 3101 2380 3139 ex
2402 3086 2466 3139 iis
2489 3083 2789 3138 inchoatum
2812 3087 2947 3140 acci-

618 3170 751 3240 pias.
817 3168 913 3223 Est
949 3168 1034 3223 hio
1058 3185 1227 3224 annus
1255 3186 1363 3241 per.
1405 3170 1637 3224 Iulianae
1675 3170 1852 3236 4645„
1893 3175 2014 3225 ante
2053 3171 2326 3241 vulgarem
2366 3169 2558 3224 Christi
2594 3171 2822 3225 natalem
2844 3169 2945 3238 68„

615 3254 845 3325 Augusti
867 3271 1036 3308 annus
1057 3255 1282 3327 primus,
1315 3256 1362 3310 si
1385 3272 1417 3309 a
1438 3256 1558 3311 Iulii
1579 3255 1815 3310 Caesaris
1837 3272 1965 3310 nece
1996 3254 2291 3323 inchoetur,
2325 3255 2514 3310 accidit
2533 3273 2670 3310 anno
2701 3255 2762 3310 U.
2780 3273 2946 3325 nccx,

614 3340 817 3411 periodi
851 3340 1081 3394 Iulianae
1104 3341 1255 3394 4670.
1323 3342 1542 3396 Herodis
1575 3358 1699 3396 vero
1729 3343 1954 3413 primus,
1998 3358 2101 3412 quo
2143 3342 2340 3396 scilicet
2367 3358 2588 3413 regnum
2624 3357 2656 3395 a
2694 3341 2944 3396 Romanis

616 3430 928 3480 consecutus
947 3433 1053 3493 est,
1093 3427 1309 3482 incurrit
1338 3428 1392 3481 in
1428 3427 1768 3482 Consulatum
1791 3427 2008 3482 Domitii
2037 3426 2242 3481 Calvini
2273 3434 2325 3481 et
2346 3428 2515 3481 Asinii
2536 3427 2810 3493 Pollionis,
2853 3429 2942 3499 qui

616 3519 697 3566 est
732 3513 798 3566 ab
830 3511 894 3567 U.
917 3512 973 3565 G.
997 3511 1138 3579 714„
1159 3512 1355 3584 period.
1389 3514 1573 3570 lulian.
1610 3513 1791 3579 4674„
1824 3514 1934 3567 sive
1969 3519 2029 3567 ut
2058 3513 2173 3578 alii,
2202 3515 2434 3585 Agrippa
2456 3519 2509 3566 et
2538 3512 2756 3567 Caninio
2775 3512 2942 3580 Coss„

616 3613 721 3668 quo
744 3614 881 3652 011110
902 3597 1119 3669 pacifice
1141 3615 1360 3670 regnare
1385 3601 1580 3672 coepit,
1617 3604 1801 3669 estque
1825 3597 1885 3652 U.
1906 3597 1962 3652 C.
1986 3598 2119 3665 717.,
2158 3599 2350 3671 period.
2374 3600 2560 3654 Iulian.
2602 3598 2751 3654 4677.
2766 3639 2780 3666 ,
2820 3606 2943 3653 ante

616 3684 889 3755 vulgarem
928 3683 1119 3737 Christi
1152 3685 1381 3738 natalem
1403 3685 1486 3739 37.
1568 3684 1915 3749 Quamobrem
1957 3685 2242 3738 Alexandri
2278 3685 2417 3739 illius
2460 3685 2633 3738 obitus
2671 3691 2753 3739 tot
2789 3687 2941 3739 0111110

616 3768 808 3823 Christi
831 3773 1028 3836 ortum,
1050 3770 1158 3824 imo
1182 3775 1237 3823 et
1256 3770 1483 3842 Augusti
1505 3776 1661 3842 atque
1683 3770 1901 3824 Herodis
1925 3771 2200 3843 imperium
2232 3772 2536 3834 antecessit,
2573 3775 2751 3824 contra
2782 3787 2938 3841 quam

614 3854 935 3927 Epiphanius
958 3857 1181 3927 scripsit.
1250 3855 1386 3910 Nam
1407 3857 1650 3910 immanis
1686 3851 2044 3928 ἆναχρονισμδς
2082 3858 2319 3911 resarciri
2351 3863 2616 3927 utcunque
2648 3857 2862 3928 poterit,
2894 3857 2940 3910 01

613 3943 797 3995 luxata
817 3940 945 3996 haec
969 3947 1020 3996 et
1043 3943 1210 3997 alieno
1231 3942 1349 3996 loco
1372 3944 1546 4014 posita
1567 3943 1786 4008 dixeris,
1821 3939 1953 4004 ἐξότε
1976 3940 2124 4003 αὐτὸς
2156 3948 2253 3999 etc.
2323 3941 2393 3996 Ut
2423 3943 2497 3995 ita
2519 3943 2732 3996 omnino
2763 3943 2939 4014 legen·

613 4027 736 4080 dnm
760 4027 852 4080 sit:
921 4027 1119 4080 Διέπεσε
1142 4026 1239 4099 γὰρ
1261 4026 1292 4095 ἦ
1320 4025 1448 4089 τάξις
1480 4025 1614 4088 ἐξότε
1638 4027 1784 4089 αὐτὸς
1807 4029 2030 4099 γεννᾶται
2052 4026 2100 4080 ἔν
2125 4026 2344 4099 Βηθλεὲμ
2365 4031 2451 4095 τῆς
2473 4024 2712 4089 Ἰουδαίας
2735 4026 2812 4080 ἐπὶ
2834 4031 2937 4090 τόῗς

611 4114 807 4184 χρόνοις
830 4110 1057 4183 Ἡρώδου
1080 4118 1169 4166 τοῦ
1195 4113 1434 4183 βασιλέως
1452 4111 1532 4164 καὶ
1553 4110 1841 4183 Αὐγούστου
1863 4117 1952 4164 τοῦ
1977 4112 2238 4183 Ῥωμαίων
2268 4111 2644 4184 αὐτοκράτορος·
2715 4113 2795 4166 καὶ
2822 4110 2936 4182 ἔστη

612 4195 688 4249 ἐπὶ
721 4196 1041 4270 Ἀλεξάνδρου
1072 4204 1162 4251 τοῦ
1186 4198 1284 4251 ἀπὸ
1308 4198 1475 4268 γένους
1497 4196 1739 4268 ἱερατικοῦ
1768 4198 1848 4249 καὶ
1880 4197 2133 4267 βασιλικοῦ
2167 4196 2249 4268 ἀφ’
2281 4192 2340 4250 οὗ
2369 4197 2692 4270 Ἀλεξάνδρου
2725 4199 2938 4252 διέπεσεν

613 4276 755 4344 οὗτος
781 4283 807 4335 ὃ
832 4282 1040 4354 κλῆρος,
1076 4281 1174 4335 ἀπὸ
1198 4285 1394 4353 χρόνων
1418 4282 1570 4335 αὐτοῦ
1594 4300 1646 4334 τε
1670 4282 1751 4334 καὶ
1769 4282 2008 4345 Σααλίνας
2023 4324 2038 4349 ,
2071 4286 2156 4350 τῆς
2176 4283 2256 4336 καὶ
2273 4281 2593 4356 Ἀλεξάνδρας
2613 4285 2932 4355 καλουμένης.

610 4365 665 4429 ὃς
688 4367 769 4420 καὶ
794 4366 1009 4439 διάδημα
1022 4410 1036 4436 ,
1061 4374 1157 4422 etc.
1224 4368 1335 4421 Hac
1359 4368 1569 4440 quidem
1590 4369 1789 4423 ratione
1812 4369 1987 4423 labem
2002 4370 2146 4423 illam
2161 4370 2388 4440 priorem
2405 4371 2741 4437 evitabimus,
2762 4386 2935 4442 neque

609 4454 894 4508 Alexandri
925 4453 1128 4507 exitum
1160 4470 1280 4508 cum
1313 4453 1506 4508 Christi
1537 4460 1655 4509 ortu
1686 4456 2063 4527 copulabimus.
2130 4457 2325 4511 Verum
2346 4455 2465 4510 huic
2487 4458 2812 4512 coniecturae
2841 4473 2934 4511 no·

610 4544 748 4593 strae
777 4556 886 4593 11011
918 4539 1198 4593 admodum
1236 4540 1563 4596 confidimus.
1633 4540 1834 4613 Quippe
1875 4543 1932 4596 in
1964 4541 2169 4597 haeresi
2197 4560 2268 4598 ur.
2303 4542 2483 4597 eadem
2514 4559 2648 4614 pene
2687 4542 2933 4597 historiae

612 4626 848 4697 σύγχυσις
871 4625 939 4678 00
959 4624 1250 4696 Epiphanio
1272 4628 1505 4698 repetita.
1575 4625 1720 4693 Quae
1741 4635 1801 4684 ut
1815 4634 2081 4700 postremo
2104 4630 2412 4702 castiganda
2432 4630 2692 4699 videatur,
2716 4630 2844 4687 illud
2852 4636 2931 4684 ta·
