3185 5219
548 1258 1327 1351 CLARISSIMO
1394 1258 2024 1350 OEHLERO
2090 1258 2341 1348 SUO

1295 1462 1345 1510 S.
1401 1462 1459 1511 P.
1515 1461 1575 1510 1).

903 1591 1453 1650 ALBBRTUS
1495 1592 1960 1652 IAHRIUS.

406 1959 560 2024 Quod
594 1961 675 2014 Tu
695 2000 710 2026 ,
761 1958 1058 2012 amicissime
1093 1960 1338 2027 Oehlem,
1389 1963 1511 2014 mihi
1547 1980 1708 2031 nuper
1743 1960 1966 2013 detulisti
1999 1977 2207 2028 munus,
2258 1970 2316 2012 ut
2349 1960 2598 2030 symbolas

269 2043 442 2096 darem
477 2045 530 2095 in
567 2044 833 2114 Epiphanii
865 2047 1073 2097 Panaria
1108 2065 1138 2097 a
1171 2047 1247 2099 Te
1282 2046 1511 2111 edenda,
1564 2046 1618 2098 id
1655 2063 1716 2098 eo
1750 2046 1999 2098 lubentius
2034 2046 2261 2115 suscepi,
2299 2045 2436 2116 quod
2474 2045 2600 2115 Epi·

269 2129 485 2198 phanio,
540 2130 614 2181 uti
644 2129 845 2199 reliquis
877 2130 1118 2182 ecclesiae
1155 2131 1380 2185 Graecae
1412 2132 1770 2201 scriptoribus,
1828 2148 2033 2200 operam
2067 2130 2375 2200 philologum
2416 2131 2537 2184 inde
2569 2150 2601 2185 a

267 2213 530 2266 iuventute
561 2232 833 2267 navassem.
905 2218 1015 2278 Qua
1048 2216 1100 2267 in
1137 2234 1191 2268 re
1226 2217 1352 2269 illud
1386 2219 1599 2270 maxime
1634 2227 2004 2287 spectaveram,
2058 2227 2114 2268 ut
2148 2217 2461 2286 exploratum
2498 2217 2598 2270 ha-

268 2300 458 2368 berem,
493 2299 613 2370 quid
647 2300 719 2351 illi
754 2318 784 2352 a
817 2299 1024 2372 παιδείᾳ
1060 2301 1299 2373 ἕλληνικῇ
1316 2343 1330 2368 ,
1383 2303 1677 2371 praesertim
1712 2301 2014 2371 philosopha
2049 2312 2102 2352 et
2137 2300 2448 2371 potissimum
2478 2303 2599 2354 Pla-

266 2387 470 2448 tonica,
525 2386 577 2437 in
618 2385 879 2438 doctrinae
912 2387 1108 2438 ratione
1140 2388 1289 2456 inque
1325 2389 1554 2442 oratione
1588 2387 1800 2440 mutuati
1835 2397 2001 2438 essent
2020 2426 2038 2455 ,
2071 2397 2254 2455 utque,
2290 2387 2593 2455 comparatis

270 2470 596 2542 scriptoribus
646 2469 862 2522 classicis
916 2483 967 2522 et
1015 2472 1389 2535 ecclesiasticis,
1452 2455 1590 2543 quid·
1623 2473 1697 2525 illi
1748 2472 1842 2524 sibi
1877 2472 2089 2524 invicem
2140 2472 2266 2523 lucis
2318 2471 2598 2536 adferrent,

271 2557 629 2626 patefacerem.
695 2557 877 2625 Neque
899 2573 1019 2607 vero
1051 2556 1175 2608 haec
1209 2557 1373 2608 studia
1397 2560 1604 2612 Patrum
1640 2553 1932 2624 ὅρθοδόξων
1966 2558 2199 2627 operibus
2228 2557 2602 2628 circumscripta

273 2661 381 2695 esse
415 2642 707 2705 volueram,
747 2642 836 2693 sed
872 2642 1024 2694 etiam
1058 2644 1441 2695 Haereticornm
1476 2643 1733 2695 doctrinas
1768 2643 2212 2711 perlustraveram,
2256 2659 2406 2711 quum
2441 2643 2600 2713 pleri-

274 2744 369 2798 que
401 2727 602 2779 illorum
639 2744 700 2778 ex
735 2726 943 2779 Platone
978 2738 1030 2778 et
1064 2745 1126 2779 ex
1160 2728 1429 2780 Platonicis
1477 2729 1690 2798 plurima
1722 2729 1794 2780 ita
1828 2728 2116 2791 hauserint,
2170 2737 2225 2778 nt
2259 2725 2444 2796 placita
2479 2728 2599 2780 Pla-

273 2812 443 2865 tonica
477 2812 741 2864 doctrinae
778 2812 1086 2865 Christianae
1121 2831 1212 2880 per
1244 2813 1344 2865 vim
1379 2831 1439 2866 ac
1475 2813 1705 2866 fraudem
1740 2831 1842 2865 non
1876 2811 2259 2865 accommodare
2292 2812 2471 2878 solum,
2507 2812 2600 2865 sed

277 2898 425 2950 etiam
478 2897 779 2949 substituere
829 2908 1144 2950 conarentur.
1233 2901 1406 2968 Itaque
1456 2897 1786 2968 Epiphaniam
1839 2898 2042 2949 minime
2092 2896 2436 2965 neglexeram5
2486 2896 2600 2948 fre-

276 2976 449 3053 quenti
497 2993 666 3034 autem
701 2983 805 3034 eius
841 3001 930 3034 usu
980 3000 1316 3052 cognoveram
1336 3023 1352 3052 ‚
1406 2984 1655 3036 neminem
1706 2982 1856 3035 facile
1888 2982 2191 3054 scriptorum
2241 2992 2473 3036 veterum
2507 2982 2597 3036 illo

278 3067 648 3136 corruptiorem
685 3085 807 3119 esse.

411 3156 504 3204 Est
537 3163 706 3205 antem
740 3154 977 3222 profecto
1012 3153 1318 3222 Epiphanius
1356 3152 1528 3209 ἕλκεσι
1562 3152 1762 3225 βρύων,
1813 3153 1963 3223 inque
1998 3172 2059 3207 eo
2097 3152 2410 3224 persanando
2443 3152 2600 3207 hodie

278 3237 428 3289 etiam
463 3236 651 3290 criticis
685 3237 951 3306 plurimum
985 3237 1166 3307 reliqui
1204 3249 1282 3290 est
1317 3240 1521 3292 factum.
1591 3240 1723 3291 Nam
1759 3240 1949 3292 Petavii
1981 3240 2035 3291 in
2070 3258 2183 3292 eum
2218 3257 2364 3293 curae
2398 3239 2599 3292 criticae
2628 3280 2638 3290 .

276 3332 418 3375 tanto
467 3322 577 3374 viro
628 3322 765 3375 haud
813 3340 1015 3392 prorsus
1064 3323 1246 3393 dignae
1278 3334 1410 3377 sunt.
1482 3324 1605 3376 Cum
1642 3324 1773 3376 enim
1808 3325 1993 3377 criseos
2019 3324 2273 3391 subsidia,
2322 3322 2387 3377 de
2421 3325 2598 3394 quibus

275 3427 393 3461 mox
427 3409 680 3473 dicemus,
736 3419 938 3475 praeter
985 3408 1146 3473 illud,
1197 3409 1335 3479 quod
1369 3410 1420 3460 in
1471 3409 1779 3462 divinatione
1812 3422 1888 3462 est
1922 3411 2172 3479 positum,
2224 3411 2307 3462 vix
2351 3410 2599 3480 adhibuit,

275 3504 385 3546 tum
419 3495 473 3545 in
509 3511 574 3547 eo
607 3492 787 3545 iustam
816 3494 1254 3563 reprehensionem
1287 3495 1527 3559 incurrit,
1563 3495 1699 3564 quod
1735 3496 1787 3546 in
1815 3496 2146 3564 expurgandis
2178 3495 2387 3559 mendis,
2421 3496 2599 3566 quibus

278 3578 438 3631 editio
462 3579 698 3649 princeps
731 3588 911 3643 scatet,
946 3596 1078 3631 nova
1113 3579 1295 3632 menda
1326 3580 1462 3632 haud
1496 3580 1619 3631 satis
1656 3580 1789 3632 cavit
1823 3591 1874 3630 et
1908 3580 2146 3647 genuinas
2178 3580 2310 3631 illius
2337 3581 2597 3646 lectiones,

277 3664 383 3716 sive
416 3682 537 3728 sua,
591 3664 698 3716 sive
730 3663 1108 3734 typothetarum
1141 3664 1447 3733 negligentia
1468 3704 1482 3729 ,
1530 3682 1644 3715 cnm
1677 3663 1929 3715 mendosis
1965 3665 2259 3717 commutari
2296 3682 2467 3732 passus
2504 3676 2597 3721 est.

280 3748 495 3801 Omnino
530 3749 760 3802 Petavius
790 3749 842 3800 in
880 3749 1079 3801 edendo
1115 3749 1397 3819 Epiphanio
1445 3749 1605 3817 magis
1653 3748 1974 3817 theologum,
2029 3750 2391 3817 chronologum
2424 3760 2478 3801 et
2510 3768 2596 3802 ar-

280 3834 638 3903 chaeolognm,
699 3853 848 3905 quam
896 3834 1122 3887 criticum
1175 3835 1293 3904 egit.
1378 3835 1481 3886 lam
1532 3852 1655 3886 vero
1694 3833 1893 3886 codices
1927 3851 2074 3886 manu
2107 3834 2310 3902 scripti,
2377 3846 2434 3888 ut
2479 3845 2596 3887 sunt

279 3919 486 3973 omnino
522 3919 737 3989 perrari,
786 3920 859 3971 ita
877 3958 892 3987 ,
928 3930 1141 3988 excepto
1178 3921 1376 3972 Veneto
1395 3957 1411 3986 ‚
1462 3917 1599 3970 haud
1632 3919 1703 3970 ita
1738 3919 1947 3970 multum
1980 3918 2186 3971 subsidii
2219 3920 2285 3971 ad
2320 3919 2597 3973 emendan-

279 4004 398 4057 dum
435 4005 759 4074 Epiphaniam
796 4005 1077 4056 conferunt.
1149 4007 1262 4072 Ipse
1294 4013 1462 4055 autem
1495 4004 1717 4056 Venetus
1735 4044 1749 4068 ,
1797 4015 2017 4056 ceterum
2049 4022 2252 4056 mancus
2270 4043 2288 4067 ,
2324 4005 2419 4057 etsi
2450 4004 2503 4055 in
2538 4021 2598 4057 ea

280 4089 444 4159 operis
480 4100 655 4158 parte,
707 4106 856 4158 quam
892 4088 1275 4158 complectitur,
1327 4099 1435 4140 tum
1467 4089 1970 4157 transpositionibus,
2020 4101 2128 4141 tum
2178 4089 2367 4142 lacunis
2400 4088 2599 4158 egregie

279 4175 512 4228 medetur
544 4185 597 4227 et
632 4173 855 4244 plurimis
886 4174 1013 4227 locis
1048 4174 1296 4243 corruptis
1331 4174 1594 4243 genuinam
1620 4174 1822 4226 exhibet
1843 4175 2156 4242 scripturam,
2189 4175 2325 4227 haud
2358 4192 2474 4227 raro
2510 4185 2597 4227 ta-

277 4278 393 4314 men
425 4278 519 4313 nos
555 4259 803 4313 destituit.
873 4261 987 4323 Quo
1021 4258 1305 4328 diligentius
1329 4277 1651 4330 quaecunque
1683 4260 1735 4312 in
1774 4258 2027 4312 codicibus
2060 4259 2263 4329 reliquis
2296 4259 2449 4329 inque
2483 4259 2595 4311 edi-

278 4346 421 4399 tione
455 4344 682 4416 principe
728 4344 794 4397 ad
830 4346 977 4397 crisin
1034 4344 1360 4397 factitandam
1408 4345 1711 4414 expediunt,
1761 4345 1927 4396 excuti
1974 4343 2177 4397 debent.
2244 4344 2426 4413 Neque
2474 4361 2597 4397 vero

280 4431 568 4501 negligendi
610 4441 727 4482 sunt
760 4431 1031 4501 scriptores
1087 4441 1194 4482 tum
1226 4430 1295 4498 ii,
1346 4446 1408 4482 ex
1442 4429 1619 4500 quibus
1670 4428 1977 4498 Epiphanius
2027 4429 2225 4498 hausit,
2272 4440 2382 4481 tum
2417 4428 2500 4500 qui
2535 4446 2598 4482 ex

281 4516 567 4586 Epiphanio
602 4516 684 4568 vel
716 4532 778 4568 ex
817 4514 1105 4568 auctoribus
1145 4515 1209 4568 ab
1243 4533 1306 4568 eo
1343 4514 1626 4585 compilatis
1660 4515 1921 4583 decerptas
1946 4513 2223 4583 'particulas
2257 4533 2347 4567 sua
2380 4515 2431 4566 in
2463 4514 2595 4567 scri-

282 4612 372 4672 pta
406 4601 785 4655 transtulerunt.
865 4602 1006 4654 Haec
1052 4612 1220 4654 autem
1252 4600 1471 4653 subsidia
1519 4600 1604 4652 ubi
1653 4616 1744 4651 nos
1795 4598 1939 4650 simul
1988 4616 2100 4651 cum
2151 4598 2404 4652 codicibus
2446 4616 2595 4652 manu

282 4685 481 4759 scriptis
513 4685 752 4741 deficiunt
767 4727 783 4754 ,
816 4704 897 4740 res
926 4686 992 4739 ad
1028 4688 1363 4741 coniecturam
1395 4685 1542 4753 redit,
1578 4700 1677 4755 qua
1708 4683 1843 4737 haud
1874 4683 1982 4738 scio
2017 4700 2082 4737 an
2114 4702 2267 4739 nemo
2291 4685 2595 4757 scriptorum

2073 4772 2186 4841 1*
