3185 5219
284 574 662 629 Paenitentiam
698 589 762 626 ac
784 588 969 643 pacem
992 572 1158 626 semel
1180 586 1250 624 an
1283 583 1398 625 sae·

347 660 467 731 pius
503 660 726 712 ecclesia
759 665 909 713 vetus
943 657 1218 711 indulserit
1282 655 1400 710 236.

289 745 674 799 Paenitentiam
710 743 921 798 nemius
955 743 1116 813 vulgo
1138 751 1244 796 tres
1279 757 1399 811 gra-

348 830 449 883 dus
484 831 816 883 continentur
1282 828 1400 882 251.

287 915 669 984 Πολιτωόμενος
735 930 839 985 qua
881 930 1010 968 voce
1044 913 1225 967 Latine
1261 929 1400 967 com-

349 1001 559 1054 modius
594 1001 836 1053 reddatur
1284 997 1402 1051 369.

287 1084 519 1155 Προβολὴ
543 1087 667 1155 quid
686 1088 771 1152 sit,
789 1087 915 1139 item
925 1092 979 1139 et
994 1084 1268 1156 κροβολεὺς
1284 1084 1400 1139 286.

285 1171 571 1241 Prophetae
594 1172 974 1241 intelligentiae
1007 1187 1099 1224 cur
1132 1171 1259 1225 dieti
1290 1171 1400 1224 iue-

352 1258 456 1311 rint
1319 1257 1403 1309 59.

285 1342 666 1398 Prosabbatum
703 1342 827 1414 quid
862 1343 933 1396 sit
1286 1341 1403 1397 212.

285 1427 584 1483 Proseucha
627 1429 752 1499 quid
796 1435 850 1482 et
882 1444 950 1482 au
984 1427 1171 1482 Judael
1204 1428 1403 1481 meudi-

351 1521 534 1568 carent
1283 1512 1400 1566 335.

295 1599 565 1669 Epo-ivone<
621 1599 749 1670 quid
801 1599 1088 1670 significet,
1135 1604 1189 1653 et
1241 1614 1400 1670 quam

355 1687 525 1740 varias
578 1686 1030 1756 interpretationes
1076 1685 1267 1740 habeat
1315 1687 1402 1739 43.

356 1770 648 1828 Nicolaitae
697 1771 980 1826 Prunicum
1035 1772 1306 1826 mulierem
1350 1777 1404 1825 et

356 1856 673 1911 Gaulaucam
708 1858 1092 1912 venerabantur
1318 1858 1402 1912 44.

289 1941 531 1996 Prunicia
586 1959 722 2013 quae
762 1943 922 1997 fuerit
963 1960 1032 1997 ex
1079 1943 1307 2014 Origene
1352 1950 1408 1997 et

357 2027 654 2099 Epiphanio
1320 2029 1402 2085 66.

289 2111 474 2182 Pythia
506 2110 794 2168 certamina
826 2113 1036 2187 quando
1070 2115 1405 2169 celebraban-

356 2204 458 2265 tur,
492 2207 675 2254 contra
708 2201 1034 2271 scaligerum
1285 2199 1405 2255 338.

813 2360 887 2421 R.

291 2452 643 2594 Rhffiaitpsia,
676 2455 829 2525 quid,
861 2457 990 2511 item
1014 2456 1106 2527 qui
1128 2457 1238 2512 sint
1272 2456 1408 2596 Εξιί·

294 2624 540 2680 Buffinus
560 2627 806 2697 origenis
827 2636 1031 2683 amator
1053 2629 1307 2684 refellitur
1340 2631 1408 2684 ab

359 2711 681 2782 Hieronymo
837 2788 876 2849 Β
1292 2714 1408 2769 262.

294 2880 586 2936 Sabbatum
596 2831 1007 2954 deutepcnpcbtov.
1032 2886 1143 2940 sive
1163 2885 1408 2952 secundo,

359 2968 603 3038 primum,
637 2970 778 3041 quod
811 2970 971 3025 fuerit
1325 2972 1407 3027 61.

295 3050 512 3108 Sabbati
540 3054 802 3126 jejunium
1289 3056 1408 3112 359.

296 3136 515 3195 Sabbati
560 3139 757 3212 duplex
799 3157 972 3212 genus
1006 3143 1146 3214 apud
1177 3142 1408 3197 Judaeos

361 3223 462 3278 212
498 3226 638 3295 quod
673 3228 744 3281 sit
777 3227 1173 3301 δευτερόπρωτον
1339 3230 1410 3284 ib.

295 3309 510 3365 Sabbati
541 3312 642 3365 iter
677 3320 805 3383 quot
849 3314 1069 3384 pedibus
1103 3316 1187 3369 vel
1222 3315 1410 3370 cubitis

360 3403 625 3452 constaret
1288 3402 1406 3458 270.

296 3481 357 3535 de
409 3482 648 3537 Sabbato
703 3486 1096 3558 δευτεροπρώτῳ
1165 3495 1411 3542 accurata

362 3567 658 3639 disquisitio
1107 3574 1191 3629 62.
1214 3573 1295 3630 63.
1322 3575 1403 3629 64.

296 3653 529 3709 Sabbata
549 3656 735 3711 Judsei
768 3674 866 3711 sua
888 3657 1023 3713 festa
1056 3661 1319 3715 vocabant
1352 3667 1409 3714 ut

362 3747 415 3794 et
436 3740 630 3795 ethnici
1326 3746 1409 3802 64.

294 3823 540 3880 Sabbatis
602 3826 921 3883 Judaeorum
980 3834 1154 3884 utrum
1218 3830 1440 3901 aliquid

362 3913 567 3983 operari
600 3914 804 3969 licuerit
1216 3916 1298 3971 64.
1326 3914 1409 3970 65.

300 3995 531 4052 Sabbata
577 4015 642 4053 an
685 4017 923 4075 *synaxes
957 4001 1095 4072 apud
1131 4001 1408 4055 orientales

366 4085 756 4140 celebrarentur
799 4086 901 4142 353
945 4094 1001 4142 et
1043 4093 1220 4142 utrum
1275 4087 1417 4142 feria

362 4170 399 4223 4
431 4178 486 4224 et
519 4172 553 4226 6
587 4174 842 4241 mysteria
876 4173 1262 4228 celebrarentur
1292 4172 1412 4229 354.

297 4256 637 4312 Sacerdotum
661 4261 824 4314 series
850 4276 1014 4330 usque
1049 4260 1115 4315 ad
1150 4260 1414 4315 excidium

363 4346 547 4415 templi
1296 4346 1413 4402 220.

233 4504 238 4511 .
300 4429 757 4486 Sacramentorum
791 4433 952 4488 verba
973 4439 1125 4488 caute
1148 4449 1210 4488 ac
1234 4433 1414 4488 timide

366 4517 680 4589 proferenda
1291 4518 1412 4575 367.

300 4603 557 4660 Saducaei
590 4606 851 4661 textuales
887 4606 1011 4661 dicti
1045 4605 1186 4679 quod
1219 4606 1414 4677 scripto

365 4699 420 4746 et
476 4693 645 4746 textui
699 4697 905 4749 tantum
959 4690 1299 4748 adhaererent
1333 4692 1414 4747 28.

2321 398 2615 455 oooxmn

1567 569 1751 624 itidem
1787 570 2050 641 quomodo
2072 570 2315 641 spirltum
2348 572 2615 640 negaban-

1567 658 1639 711 ib.
1683 672 1749 709 an
1793 656 1964 710 solum
1999 654 2407 710 Pentateuchum
2452 656 2616 710 admi-

1569 743 1735 796 serint
2423 742 2506 796 28.
2535 742 2617 795 29.

1500 827 1759 881 Saducaei
1792 844 1826 880 a
1864 825 2111 882 Dositheo
2147 827 2424 897 propagati
2533 827 2616 882 27.

1503 914 1696 968 Sadoci
1717 914 1820 968 duc
1844 919 1896 965 et
1913 913 2104 982 quibus
2120 913 2443 982 temporibus
2462 916 2617 967 ambo

1570 1002 1818 1054 vixerunt
2493 999 2617 1053 ibid.

1504 1086 1908 1140 Salaminiorum
1971 1101 2140 1139 annus
2196 1101 2230 1138 a
2283 1101 2386 1155 quo
2441 1101 2619 1138 mense

1572 1171 1830 1242 inceperit
2503 1169 2617 1223 133.

1505 1257 1744 1312 Samaria
1776 1257 1922 1309 varia
1943 1255 2329 1326 significatione
2365 1256 2618 1324 accipitur

1571 1344 1629 1396 in
1666 1343 1829 1397 sacris
1865 1342 2012 1397 libris
2535 1343 2612 1393 18.

1505 1429 1780 1499 Sampsaei
1815 1435 1868 1482 et
1902 1428 2088 1482 Osseni
2134 1444 2201 1481 an
2237 1427 2390 1481 iidem
2427 1426 2621 1481 fuerint

1503 1600 1817 1655 Sanctorum
1852 1601 2059 1653 animae
2083 1599 2264 1653 beatae
2296 1598 2432 1652 fiunt
2462 1599 2619 1661 illico,

1572 1703 1668 1739 nec
1704 1686 1890 1756 judicii
1933 1686 2070 1739 diem
2116 1693 2410 1738 extremum
2461 1700 2620 1753 expe·

1574 1778 1724 1824 etant
2502 1768 2620 1825 334.

1508 1856 1840 1921 Saturninus,
1876 1858 1962 1910 vel
1979 1856 2294 1920 Saturnilus,
2329 1859 2510 1909 auctor
2528 1854 2621 1907 Sa·

1573 1943 1978 1996 turnilianorum
2538 1941 2623 1996 42.

1506 2029 1701 2083 Saulus
1737 2045 1841 2097 quo
1878 2045 2037 2082 sensu
2048 2028 2262 2081 'dicatur
2296 2026 2482 2088 νεανίας
2510 2025 2622 2079 122.

1507 2114 1766 2184 Scaligeri
1786 2115 2048 2167 sententia
2069 2114 2131 2168 de
2148 2114 2469 2168 Judaeorum
2486 2129 2624 2165 anno

1571 2205 1748 2253 vetere
1806 2199 1936 2265 153„
1986 2199 2221 2270 ejusdem
2272 2199 2630 2252 inconstantia

1581 2285 1709 2351 154.,
1745 2285 1810 2339 de
1851 2302 1991 2340 anno
2030 2285 2229 2340 Graeco
2272 2290 2626 2340 commentum

1585 2371 1717 2437 157„
1754 2378 1935 2443 stupor
2513 2368 2625 2422 158.

1510 2457 1766 2528 scaligeri
1827 2457 2080 2528 jocularis
2142 2457 2501 2510 inconstantia
2561 2456 2627 2509 de

1579 2558 1718 2596 anno
1755 2543 1919 2596 natali
1955 2541 2145 2596 Christi
2511 2540 2627 2596 134.

1511 2631 1766 2701 Scaligeri
1800 2629 2136 2684 hallucinatio
2516 2627 2627 2684 115.

1511 2716 1901 2786 Scaligerianae
1925 2714 2307 2768 inconstantiae
2331 2712 2473 2767 aliud
2509 2730 2625 2782 spe·

1578 2802 1749 2855 cimen
2514 2798 2627 2854 134.

1511 2887 1766 2957 Scaligeri
1819 2903 1960 2941 error
2003 2885 2066 2940 de
2108 2885 2396 2941 Posideoue
2442 2902 2624 2939 meuse

1581 2974 1748 3027 Attico
2514 2971 2628 3025 137.

1511 3058 1784 3113 Schoenus
1810 3063 1937 3130 quot
1965 3057 2193 3112 miliaria
2212 3057 2340 3112 item
2374 3063 2428 3111 et
2461 3058 2629 3110 stadia

1579 3146 1816 3199 continet
2543 3142 2627 3198 38.

1512 3230 1791 3285 Scotorum
1802 3230 2117 3285 haeresisvel
2127 3246 2268 3284 error
2277 3247 2345 3283 ex
2356 3230 2493 3283 falsa
2504 3227 2629 3282 Ruf-

1581 3317 1679 3371 fini
1692 3317 2135 3388 interpretatione,
2157 3333 2250 3387 pro
2264 3316 2505 3371 Anatolio
2518 3316 2629 3369 193.

1514 3402 1816 3458 Scribarum
1836 3408 1986 3457 erant
2012 3403 2308 3473 complures
2327 3411 2377 3456 et
2396 3402 2625 3455 distincti

1580 3490 1776 3560 gradus
1813 3491 1866 3543 in
1903 3489 2087 3543 eodem
2123 3488 2302 3542 ordine
2544 3485 2626 3539 33.

1512 3578 1726 3631 Scribae
1779 3581 1832 3630 et
1872 3575 2140 3629 Pharisaei
2186 3573 2447 3646 quomodo
2494 3574 2629 3626 iuter

1580 3679 1639 3716 se
1664 3661 1905 3715 differant
1928 3662 2027 3727 29„
2054 3676 2124 3714 an
2143 3659 2336 3714 fuerint
2356 3659 2514 3713 iidem
2539 3658 2631 3728 qui

1580 3754 1634 3800 et
1665 3746 1960 3817 Jurisperiti
2555 3745 2627 3797 ib.

1512 3830 1740 3900 Scythae
1799 3831 2024 3884 Martem
2086 3830 2264 3884 colunt
2326 3829 2424 3886 sub
2476 3828 2629 3882 ferrei

1586 3916 1814 3970 acinacis
1851 3915 2027 3986 effigie
2472 3976 2492 3999 „
2549 3914 2628 3968 10.

1512 4001 1826 4072 Scytharum
1850 4002 2075 4056 nominis
2099 4002 2249 4072 origo
2283 4002 2430 4055 varia
2581 3999 2630 4053 6.

1514 4088 1648 4159 Seps
1702 4088 1851 4159 quus
1903 4089 2111 4161 generis
2164 4103 2380 4158 serpens
2422 4091 2475 4140 et
2519 4084 2632 4155 ejus

1581 4180 1773 4229 natura
2549 4170 2632 4226 75.

1514 4260 1714 4317 Seruch
1760 4261 1999 4316 vocabuli
2034 4260 2255 4315 Hebraei
2299 4257 2445 4311 varia
2477 4258 2632 4311 inter-

1582 4346 1802 4420 pretatio
2579 4343 2631 4399 8.

1517 4433 1736 4489 Seruchi
1758 4432 2084 4504 temporibus
2112 4431 2357 4486 idolatria
2390 4437 2633 4502 grassata

1515 4527 1820 4662 Sextritatis
1839 4606 2029 4677 triplex
2042 4605 2428 4661 ecclesiasticae
2437 4515 2633 4742 grati}

2515 4690 2548 4743 2
2589 4691 2632 4744 l.
