3185 5219
507 403 522 427 e
557 376 683 434 000

491 497 496 504 ι
556 532 817 588 minantes
857 534 1170 604 ineptissimi
1210 539 1360 598 suat,
1401 549 1573 603 neque
1614 535 1895 605 quicquam
1926 542 2074 589 tanto
2108 536 2326 606 dignum
2356 535 2505 592 hiatu
2538 538 2879 608 promissores

555 619 645 673 isti
666 619 857 672 ferunt.

691 703 781 755 Καὶ
804 704 889 769 τὴν
916 704 1216 774 κρεωνομίαν
1240 706 1509 775 μυοῦντεᾳ]
1578 707 1636 759 In
1662 707 1823 759 sacris
1846 713 1900 760 et
1920 708 2083 762 initiis
2106 707 2307 761 Cereris
2328 709 2495 762 multa
2517 709 2672 761 certis
2696 710 2879 763 ritibus

463 761 470 768 .
555 790 853 843 adumbrari
870 790 1123 854 solebant,
1148 806 1281 859 quae
1298 792 1366 843 ad
1382 790 1649 844 Bacchum
1667 793 2008 861 pertinebant.
2039 792 2345 848 Cuiusmodi
2361 799 2471 848 erat
2487 794 2627 847 illius
2646 795 2877 847 laniatio.

555 876 632 929 De
657 892 760 946 qua
783 874 1022 928 Clemens
1047 876 1195 930 Alex.
1223 877 1334 945 agit
1355 879 1410 930 in
1433 877 1687 947 Protrept.

691 959 957 1021 Εὖάζοντες
983 960 1056 1028 τὸ,
1082 958 1191 1026 οὖὰ,
1216 959 1349 1028 edd]
1397 963 1811 1016 Acclamationes
1833 965 1965 1016 istae
1988 965 2043 1017 in
2065 965 2262 1017 laetitia
2285 971 2337 1018 et
2359 964 2618 1018 hilaritate
2639 965 2878 1035 frequen-

553 1054 632 1100 ter
655 1050 945 1115 usurpatae.
993 1046 1349 1100 Undevaatio
1372 1047 1609 1100 deducta.
1649 1047 1948 1118 xiphilinus
1972 1051 2027 1103 in
2050 1049 2251 1104 Nerone
2276 1052 2459 1105 scribit
2480 1050 2679 1104 Romae
2703 1050 2876 1119 Olym-

552 1131 790 1203 pionica-e
811 1131 1004 1185 Neroni
1027 1134 1373 1186 acclamatum
1397 1149 1535 1186 esse:
1561 1131 1919 1203 Ὀλυμπιονίκα
1942 1133 2058 1202 οὖα,
2084 1134 2344 1188 Πυθιονίκα
2367 1134 2476 1189 οὐά.

689 1216 792 1270 Εὔα
815 1218 912 1286 γὰρ
937 1214 1061 1274 κατὰ
1085 1217 1170 1284 τὴν
1195 1218 1378 1287 ψιλήν]
1448 1217 1579 1271 Mihi
1614 1219 1758 1271 nulla
1779 1235 1883 1271 vox
1918 1222 2144 1273 occurrit
2175 1222 2428 1275 eiusmodi
2453 1238 2586 1292 quae
2612 1222 2877 1275 mulierem

551 1304 800 1356 Hebraico
822 1303 1099 1371 significet.
1149 1304 1215 1355 At
1248 1309 1432 1364 mvn
1467 1303 1604 1356 idem
1638 1310 1719 1356 est
1753 1320 1814 1356 sc
1850 1322 2091 1374 serpens,
2126 1306 2265 1375 quod
2297 1308 2611 1361 vocabulum
2644 1324 2737 1377 per
2759 1307 2876 1360 den·

553 1389 815 1441 sissimam
834 1389 1202 1458 aspirationem
1222 1388 1444 1453 effertur,
1463 1390 1709 1442 nimirum
1734 1395 1811 1450 Πς
1836 1397 1961 1442 utet
1978 1389 2116 1442 Evae
2134 1408 2324 1445 nomen
2351 1397 2510 1454 ΓιἿΠ.
2547 1393 2739 1446 Verum
2758 1410 2875 1448 ux.

554 1473 684 1527 Εὕαν
717 1475 862 1528 tenui
893 1475 1076 1544 spiritu
1110 1473 1453 1529 reddiderunt.
1524 1473 1637 1537 Quo
1670 1476 1772 1528 nisi
1804 1475 1956 1528 fallor
1986 1478 2219 1546 respexit
2249 1476 2587 1547 Epiphanius.
2660 1476 2804 1531 Unde
2826 1483 2877 1530 et

554 1560 680 1612 κατὰ
702 1559 788 1626 τὴν
813 1557 957 1629 ψιλὴν
982 1557 1234 1628 ἀπόδοσιν,
1258 1559 1312 1612 id
1333 1567 1414 1612 est
1436 1564 1572 1612 tenui
1591 1565 1778 1630 spiritu
1802 1563 2052 1613 redditum
2076 1561 2235 1627 dixit,
2267 1579 2454 1633 nempe
2478 1563 2542 1615 ad
2567 1581 2673 1617 axx
2696 1562 2874 1616 Senio-

551 1663 667 1702 rum
692 1645 930 1696 ἀπόδοσιν
953 1650 1005 1697 et
1027 1645 1418 1698 translationem
1443 1645 1694 1699 alludens.
1741 1645 1998 1715 Egregius
2027 1653 2109 1699 est
2129 1653 2305 1700 autem
2330 1646 2413 1700 hic
2436 1645 2714 1718 Epiphanii
2734 1649 2874 1701 locus

553 1732 620 1784 ad
653 1745 831 1794 earnm
865 1745 1052 1783 vocum
1088 1730 1450 1801 explicandam
1487 1732 1742 1801 originem
1779 1747 1912 1801 quae
1951 1733 2008 1786 in
2042 1731 2237 1785 Bacchi
2276 1734 2437 1786 sacris
2476 1734 2875 1804 usurpabantur,

551 1815 697 1869 Evan
712 1855 726 1879 ,
760 1814 925 1879 Evoe,
959 1813 1140 1884 Eubye
1174 1821 1272 1868 etc.
1342 1814 1572 1879 Quarum
1606 1817 2055 1887 interpretationes
2086 1833 2211 1870 sane
2235 1818 2477 1872 ridiculas
2498 1819 2659 1872 critici
2684 1834 2744 1872 ac
2766 1835 2874 1887 my-

551 1901 753 1970 thologi
774 1900 946 1954 solent
967 1899 1168 1955 afferre.
1224 1901 1359 1953 Vera
1382 1909 1557 1954 autem
1581 1901 1708 1954 baec
1733 1909 1813 1956 est
1834 1905 1991 1967 ratio,
2014 1919 2174 1972 qnam
2196 1902 2280 1956 hic
2305 1909 2481 1957 noster
2502 1905 2695 1967 innuit,
2721 1921 2753 1957 a
2773 1922 2875 1958 ser·

551 1986 822 2057 pentibus,
860 1987 948 2055 qui
980 1987 1085 2038 illis
1108 1987 1162 2039 in
1187 1987 1348 2040 sacris
1370 1987 1691 2050 colebantur,
1725 2004 1789 2040 ea
1812 1988 2042 2041 derivata
2064 1989 2334 2042 vocabula.
2382 1987 2532 2052 Quod
2567 1988 2775 2059 quidem
2809 2007 2874 2044 ex

551 2071 774 2126 Eusebio
799 2073 1085 2136 transtulit,
1108 2073 1196 2141 qui
1218 2073 1308 2125 lib.
1326 2091 1383 2126 11.
1408 2073 1472 2125 de
1493 2072 1733 2142 Praepar.
1756 2089 1876 2144 pag.
1896 2073 1976 2128 39.
2019 2072 2202 2125 Αὐτίκα
2235 2079 2370 2144 γοῦν,
2404 2075 2600 2144 inquit,
2636 2071 2760 2127 κατὰ
2790 2074 2874 2141 τὴν

552 2154 724 2226 ἀκριβῆ
749 2160 847 2208 τῶν
871 2155 1114 2226 Ἐβραίων
1139 2156 1303 2225 φωνὴν
1327 2157 1385 2208 r'o
1411 2153 1569 2227 ὄνομα
1592 2159 1650 2209 τ“ο
1676 2157 1781 2209 Εὕα
1805 2159 2133 2229 δασυνόμενον
2158 2157 2464 2229 ἑρμηνεύεται
2489 2155 2594 2228 ὄφις
2620 2159 2800 2226 θήλεια.

686 2242 749 2296 N.
774 2261 846 2296 xi.
879 2242 972 2294 Καὶ
995 2245 1092 2294 τῶν
1117 2242 1522 2310 καταλιζόντων.]
1562 2242 1842 2298 Gomarius
1868 2244 2266 2306 πατταλιζόντων
2288 2246 2345 2298 in
2368 2245 2545 2299 codice
2566 2262 2667 2299 suo
2686 2245 2875 2316 legisse

551 2329 766 2382 videtur.
814 2329 983 2381 Vertit
1016 2328 1154 2381 enim
1184 2333 1416 2397 perticas
1446 2334 1775 2398 qestantium,
1810 2330 2071 2400 quomodo
2106 2331 2161 2383 in
2194 2331 2361 2400 Regio
2396 2332 2707 2385 invenimus.
2774 2331 2874 2384 Sed

553 2416 766 2484 quinam
790 2420 913 2467 sunt
935 2412 980 2465 οἱ
1004 2413 1410 2474 nemetum?
1454 2416 1534 2467 An
1557 2414 1715 2468 iidem
1740 2431 1799 2468 sc
1825 2414 2170 2484 φαλλοφόροιΐ

685 2499 747 2552 N.
773 2518 866 2553 ιιι.
903 2497 1043 2568 Παρὰ
1067 2498 1119 2550 δὲ
1141 2498 1413 2568 Αἰγυπτίοις
1438 2502 1723 2569 προφῆται]
1771 2501 1845 2553 De
1869 2501 2056 2571 triplici
2078 2500 2407 2555 sacerdotum
2430 2502 2569 2572 apud
2591 2503 2874 2573 Aegyptios

551 2600 744 2656 genens
764 2584 880 2639 vide
903 2600 1038 2655 qnae
1061 2584 1126 2638 ad
1150 2584 1432 2655 Synesium
1454 2588 1508 2640 in
1533 2586 1782 2641 Encomio
1808 2586 2015 2641 Calvitii
2046 2592 2100 2640 et
2124 2587 2272 2641 libris
2303 2587 2366 2640 de
2398 2588 2601 2643 Provid.
2628 2588 2753 2643 olim
2788 2588 2874 2643 ob·

551 2674 890 2727 servavimus.

686 2755 985 2827 Ἱεροφάνται
1008 2775 1074 2825 τε,
1101 2759 1180 2811 καὶ
1205 2761 1504 2828 νεωκόρων.]
1540 2759 1923 2831 Distinguenda
1944 2759 2042 2813 hoc
2065 2760 2220 2814 modo
2243 2760 2346 2813 ista
2369 2766 2493 2812 sunt
2512 2758 2787 2829 ἱεροφάνται
2808 2777 2872 2829 τε,

551 2844 630 2897 καὶ
654 2845 903 2914 νεωιόροι.
931 2844 1144 2897 Κυνικῶν
1170 2862 1221 2895 τε
1244 2844 1432 2911 πλήθος
1455 2851 1552 2900 etc.

683 2928 745 2983 N.
769 2947 884 2983 xm.
942 2927 1122 2982 Ἀλλοι
1143 2948 1196 2982 τε
1221 2928 1365 2982 πάλιν
1390 2928 1437 2982 ἐν
1464 2934 1522 3000 τῇ
1546 2929 1796 2998 Ἑλλάδι]
1866 2931 1982 2985 Non
2013 2933 2185 3001 magis
2208 2933 2342 2985 inter
2362 2930 2602 2985 haereses
2627 2948 2687 2986 ac
2710 2938 2874 2986 sectas

548 3015 727 3069 referri
750 3020 1015 3069 merentur
1038 3017 1157 3073 Abii
1178 3032 1240 3069 ac
1263 3017 1427 3084 Mysi,
1460 3032 1617 3085 quam
1644 3032 1826 3071 omnes
1851 3017 1989 3070 orbis
2012 3019 2172 3071 totius
2195 3017 2401 3088 populi,
2436 3033 2659 3087 quorum
2682 3018 2764 3071 vel
2787 3019 2873 3072 ab·

550 3102 667 3155 seni
687 3102 769 3153 vel
795 3116 828 3152 a
849 3101 1063 3155 caeteris
1087 3101 1439 3170 discrepantes
1463 3110 1587 3155 sunt
1609 3104 1738 3155 ritus
1759 3103 2102 3173 institutaque
2124 3103 2346 3158 vivendi.

686 3182 886 3254 “Etepot
908 3184 960 3236 δὲ
985 3186 1238 3247 δοκοῦντες
1262 3187 1620 3255 venustissima]
1688 3187 1765 3240 De
1786 3187 2060 3242 haereticis
2095 3206 2214 3242 cum
2239 3189 2458 3243 ecclesia
2479 3191 2872 3245 reconciliandis

550 3271 692 3324 varie
714 3288 746 3323 a
767 3271 1002 3323 conciliis
1034 3286 1095 3323 ae
1125 3271 1360 3340 patribus
1391 3274 1789 3342 pronunciatum
1819 3275 2130 3343 accepimus.
2199 3273 2334 3328 Nam
2370 3276 2460 3345 qui
2493 3275 2742 3346 baptismi
2772 3277 2872 3331 for-

550 3372 692 3410 mam
706 3395 720 3419 ,
747 3372 904 3424 qnam
929 3356 996 3408 ab
1019 3357 1240 3409 ecclesia
1262 3356 1518 3410 catholiea
1539 3357 1782 3411 traditam
1806 3364 2137 3429 acceperant,
2169 3360 2431 3429 integram
2451 3362 2755 3428 retinerent,
2783 3362 2872 3417 ho·

552 3458 670 3495 rum
694 3441 985 3511 baptismus
1009 3458 1101 3513 pro
1126 3458 1247 3495 vero
1272 3443 1339 3495 ab
1363 3442 1584 3496 ecclesia
1606 3449 1845 3513 receptus
1868 3450 1972 3509 est3
1999 3461 2169 3515 neque
2193 3447 2286 3516 qui
2308 3446 2374 3499 ab
2395 3446 2605 3501 illorum
2628 3463 2789 3519 grege
2809 3448 2873 3503 ad

553 3527 973 3581 communionem
996 3526 1281 3582 catholicae
1303 3528 1424 3582 fidei
1454 3534 1832 3583 reverterentur
1863 3531 2031 3585 denuo
2066 3532 2311 3601 baptizati
2344 3539 2478 3588 sunt.
2525 3532 2753 3599 Caeteri,
2786 3534 2873 3604 qul

552 3614 799 3667 usitatam
824 3614 891 3666 ab
915 3613 1134 3667 ecclesia
1156 3614 1378 3668 formam
1402 3621 1762 3685 corruperant,
1796 3632 1890 3685 pro
1915 3614 2131 3669 ethnicis
2154 3614 2319 3670 habiti
2340 3624 2485 3681 sunt,
2518 3634 2615 3671 nec
2649 3620 2763 3673 sine
2787 3621 2871 3672 ba·

552 3699 768 3769 ptismo‚
795 3700 882 3768 qui
907 3716 974 3752 ex
997 3699 1201 3753 illorum
1226 3702 1460 3770 partibus
1481 3700 1890 3770 transfugerant,
1911 3703 2046 3755 inter
2069 3701 2348 3756 catholicos
2374 3702 2604 3758 admissi.
2645 3704 2726 3757 Ita
2744 3704 2872 3759 Pau·

549 3785 803 3847 limistas,
827 3783 924 3839 boc
948 3792 1029 3838 est
1049 3785 1195 3839 Pauli
1213 3786 1542 3839 Samosateni
1567 3787 1857 3854 στασιώτας,
1882 3787 2191 3856 rebaptizari
2206 3787 2433 3841 Nicaena
2452 3789 2685 3857 synodus
2706 3791 2871 3855 iussit,

553 3869 677 3925 Gan.
697 3888 823 3933 xix„
848 3870 984 3940 quod
1008 3878 1061 3924 et
1084 3873 1405 3941 Augustinus
1429 3869 1569 3924 haer.
1597 3890 1735 3926 niv.
1762 3872 2025 3926 decretum
2048 3873 2162 3926 ideo
2184 3874 2355 3937 refert,
2378 3877 2511 3943 quod
2531 3878 2762 3943 requlam
2786 3878 2871 3929 ba·

544 3960 803 4028 primatis
828 3975 925 4009 non
946 3966 1182 4009 tenerent.
1230 3958 1298 4009 At
1321 3956 1571 4010 Gathar-os
1587 3996 1603 4021 ,
1632 3958 1685 4010 id
1720 3965 1798 4011 est
1821 3957 2161 4023 Novatianos,
2194 3959 2375 4011 eadem
2396 3961 2627 4027 synodus
2649 3962 2870 4032 rebapti-

553 4044 658 4097 sati
678 4059 787 4095 non
811 4042 988 4105 iussit,
1021 4041 1148 4096 Gan.
1173 4060 1300 4106 vm„
1336 4041 1426 4095 sed
1460 4043 1669 4096 illorum
1697 4044 1909 4097 clericos
1933 4043 2385 4113 χειροτεθουμένους
2407 4046 2462 4098 in
2487 4046 2625 4099 clero
2646 4063 2865 4103 manere.

553 4127 1180 4196 Constantinopolitanum
1199 4144 1318 4179 vero
1337 4129 1560 4197 primum
1584 4135 1639 4181 et
1652 4129 2061 4182 Oecumenicum
2083 4129 2368 4183 secundum
2387 4129 2512 4184 Gan.
2526 4149 2616 4185 vn.
2635 4133 2868 4196 Arianos,

553 4213 977 4277 Macedonianos‚
1012 4212 1385 4277 sabbatianos,
1418 4213 1763 4279 Novatianos‚
1794 4213 2308 4279 Quartadecimanos,
2340 4216 2450 4269 sive
2473 4216 2791 4281 Tetraditas,
2820 4224 2870 4271 et

554 4298 952 4367 Apollinaristas
971 4299 1273 4370 rebaptizari
1296 4305 1463 4361 vetat,
1487 4298 1840 4353 Eunomianos
1863 4299 2029 4363 iubet,
2055 4300 2166 4360 τοὺς
2190 4297 2253 4360 εἰς
2278 4300 2390 4370 μίαν
2414 4300 2677 4354 κατάδυσιν
2703 4304 2869 4372 flaren-

556 4382 801 4451 ζομένους.
871 4384 1020 4437 Iubet
1053 4391 1105 4437 et
1135 4385 1506 4447 Montaniana,
1540 4385 1652 4437 sive
1687 4384 2071 4455 Ostaphrygas,
2104 4391 2160 4438 et
2184 4384 2509 4440 Sabellianos
2541 4395 2870 4459 caeterosque

556 4485 735 4521 omnes
759 4468 1060 4523 haereticos.
1106 4470 1182 4522 De
1207 4469 1621 4539 Gataphrygibus
1653 4472 1913 4524 consentit
1943 4477 1994 4524 et
2016 4470 2309 4525 Laodicena
2341 4473 2571 4542 synodus
2606 4474 2734 4528 Can.
2755 4492 2865 4530 vm.

555 4553 636 4606 De
667 4553 871 4607 Arianis
907 4571 1028 4608 vero
1061 4556 1339 4608 concilium
1375 4556 1565 4609 Arelat.
1588 4574 1624 4610 1.
1663 4557 1737 4609 ita
1770 4556 1972 4620 sanxit,
2006 4561 2067 4610 ut
2095 4576 2157 4610 ex
2187 4561 2254 4608 iis
2287 4563 2373 4627 qm·
2396 4563 2623 4628 propria
2645 4562 2756 4628 leqe
2774 4578 2867 4613 sua

554 4646 775 4702 mutar,
798 4641 960 4693 dame
979 4641 1320 4710 capritanae-3
1345 4643 1479 4712 quod
1496 4645 1547 4694 si
1565 4645 1623 4694 in
1636 4651 1794 4712 patre
1817 4642 1989 4711 &filio
2013 4651 2063 4696 et
2079 4647 2269 4713 spe-itu
2288 4651 2466 4697 sanese
2487 4644 2866 4716 bapfisafifis-
