3185 5219
1072 453 1162 508 An
1195 451 1438 506 rame.
1471 451 1868 510 ommatius.
2595 447 2635 509 5

302 571 383 623 uia
408 572 683 640 compilare
711 571 929 624 voluisse
955 573 1278 641 postmodum
1311 574 1511 626 viderer
1523 575 1587 640 ‘).
1658 575 1891 626 Ceterum
1918 575 1982 627 ab
2008 575 2278 643 Epiphauii
2299 575 2399 628 Tui
2422 572 2639 629 lectori-

302 657 392 709 bus
439 657 690 721 undem,
740 676 888 729 quam
927 662 1040 723 Ta,
1091 659 1288 711 veniam
1335 670 1493 728 peto,
1541 659 1772 712 nimirum
1807 678 1921 712 meo
1958 661 2010 712 in
2044 660 2218 711 labore
2271 670 2327 710 ut
2378 679 2480 713 uon
2530 674 2637 715 tam

299 754 562 811 spectent,
614 743 734 813 quid
783 760 883 796 non
919 745 1281 814 praestiterim,
1330 763 1478 815 quam
1526 745 1647 814 quid
1699 745 2068 816 praestiterim,
2120 746 2418 813 praesertim
2465 765 2635 817 quum,

300 826 436 898 quod
471 829 549 880 Te
584 829 786 881 minime
825 831 952 882 latet
972 870 988 897 ,
1041 831 1172 883 hanc
1222 849 1422 901 quoque
1474 832 1691 900 opellam
1743 831 2055 901 philologum
2107 829 2467 884 elaboraverim
2501 833 2635 886 iuter

297 913 544 966 bonorum
577 916 856 967 studiorum
891 916 1251 987 impedimenta
1284 918 1497 970 maxima
1514 955 1532 981 ,
1566 927 1621 968 et
1655 934 1782 987 quae
1814 917 1949 969 haud
1982 917 2087 969 scio
2121 935 2184 968 au
2221 918 2446 985 quemvis
2481 919 2635 971 alium

297 1000 359 1055 ab
393 999 496 1051 illis
531 1000 835 1054 deterreant.

433 1087 576 1139 Faxit
611 1105 733 1140 vero
772 1090 901 1139 Deus
935 1089 1163 1158 Optimus
1201 1090 1460 1152 Maximus,
1504 1099 1560 1140 ut
1590 1089 1794 1141 taudem
1828 1088 2097 1158 aliquando
2135 1088 2273 1140 hisee
2307 1087 2489 1140 stadiis
2527 1090 2632 1142 ho-

296 1180 438 1223 ueste
473 1183 526 1222 et
563 1191 624 1224 ex
658 1175 891 1242 professo
928 1174 1097 1226 vivere
1131 1175 1350 1244 possim,
1405 1187 1559 1244 utque
1592 1193 1659 1226 ue
1693 1175 1745 1226 iu
1781 1186 2077 1244 perpetuum
2125 1173 2258 1227 iuter
2305 1174 2631 1227 humanitatis

427 1433 483 1500 ⁸)
523 1433 576 1483 lu
612 1432 822 1500 gratiam
860 1448 1064 1499 emm,
1100 1432 1183 1500 qui
1217 1432 1380 1483 minus
1413 1443 1634 1496 uoruut,
1683 1449 1812 1503 quae
1847 1449 1943 1500 ego
1976 1432 2030 1483 iu
2083 1447 2271 1500 genere
2317 1428 2629 1498 philologiae

291 1517 633 1586 patrologicae
668 1517 921 1569 elaboravi
956 1517 1141 1585 scripta
1162 1557 1175 1580 ,
1232 1537 1262 1568 a
1296 1535 1377 1569 me
1409 1518 1460 1569 iu
1495 1518 1572 1570 his
1609 1518 1861 1587 symbolis
1901 1516 2178 1568 identidem
2230 1514 2414 1577 «itata,
2463 1515 2627 1567 visum

290 1615 370 1655 est.
404 1622 465 1655 ea
499 1604 600 1655 hoe
631 1602 747 1655 loco
798 1621 1102 1658 enumerare.
1176 1608 1303 1654 Sunt.
1338 1614 1503 1655 autem
1539 1603 1693 1655 haec:
1751 1607 1826 1656 1⁰.
1856 1607 1909 1656 S.
1944 1606 2153 1656 Basilius
2188 1605 2395 1666 »caynus
2426 1604 2627 1654 Plotini·

287 1705 440 1753 sans,
487 1690 888 1758 supplementum
940 1688 1175 1740 editionis
1227 1689 1414 1741 Plotini
1465 1690 1850 1748 creater-ianae,
1923 1688 2090 1740 Basilii
2139 1689 2209 1739 M.
2265 1687 2621 1740 Gameriauae.

290 1777 513 1836 Bernae,
566 1775 701 1843 apud
740 1776 789 1825 C.
833 1780 888 1826 A.
935 1774 1156 1826 leonium
1191 1774 1361 1826 filium.
1432 1776 1967 1826 Mucccxxxvm.
2005 1771 2089 1825 40.
2131 1802 2197 1813 -
2265 1774 2348 1826 2⁰.
2385 1775 2619 1825 Animad-

183 1883 196 1898 ·
284 1864 522 1913 versiones
552 1865 604 1913 in
638 1864 691 1913 S.
723 1864 896 1913 Basilii
929 1863 1094 1926 Magni
1128 1877 1303 1925 opera,
1348 1861 1756 1930 supplementum
1790 1859 2027 1910 editionis
2065 1858 2405 1910 Garum-ianae
2437 1875 2624 1909 seeun-

285 1945 399 1998 dae.
472 1946 757 1998 Fasciculus
795 1949 810 1996 l
829 1985 843 2008 ‚
881 1946 1145 1997 continens
1178 1947 1635 1999 animadversiones
1668 1947 1720 1997 in
1757 1957 1881 1998 tom.
1912 1948 1951 1995 1.
2021 1944 2286 1996 Accedunt
2318 1943 2622 1995 emblemata

285 2032 583 2084 Plutarehea
637 2050 697 2083 ex
733 2032 898 2083 Basilii
936 2033 1084 2083 Hom.
1120 2032 1172 2082 in
1209 2032 1384 2084 Psalm.
1420 2032 1561 2084 XlV.
1636 2032 1824 2082 Beruae
1873 2041 1925 2081 et
1975 2033 2027 2082 8.
2069 2029 2201 2082 Galli
2252 2029 2620 2081 Helvetiorum.

282 2117 531 2185 impensis
581 2117 769 2169 Huberi
822 2128 875 2168 et
909 2120 1024 2169 Soc.
1072 2120 1137 2180 (Ι.
1170 2117 1446 2175 Koerberi)
1482 2116 1881 2169 Mocccxml.
1914 2117 1997 2170 80.
2033 2145 2099 2156 -
2168 2115 2254 2169 30.
2289 2126 2345 2166 et
2378 2114 2460 2167 4⁰.
2502 2117 2619 2167 Gen-

282 2219 426 2255 surae
463 2207 746 2268 speciminis
789 2219 941 2256 novas
988 2206 1206 2255 editionis
1253 2206 1583 2256 cohortationis
1619 2207 1669 2255 S.
1704 2205 1875 2254 Basilii
1907 2205 2073 2267 Magni
2105 2205 2172 2253 ad
2219 2204 2533 2253 adolescentes
2560 2204 2620 2252 de

281 2293 488 2340 ulilitate
521 2305 545 2340 e
579 2292 711 2341 libris
753 2292 999 2355 gentilium
1046 2292 1281 2353 capienda
1333 2288 1412 2340 ed.
1449 2290 1500 2339 Ρ.
1543 2290 1596 2340 C.
1649 2290 1793 2341 Hess.
1845 2286 2160 2340 Helmstadii.
2213 2286 2617 2339 Muccchn.

281 2375 412 2439 (vid.
447 2377 710 2440 zeitscarffl
758 2378 840 2440 [tir
886 2377 964 2426 die
1012 2377 1619 2438 Altertlimnswissenscltalt
1673 2371 1816 2427 1843.
1865 2373 2324 2442 p.1012-1020.
2362 2380 2439 2422 et:
2491 2375 2618 2423 Neue

280 2463 574 2514 ,lamecho-
610 2463 690 2524 fllr
726 2463 982 2524 Philoloffie
1013 2462 1114 2511 und
1150 2462 1448 2525 Padayoyilt.
1490 2459 1636 2513 1848.
1671 2459 1787 2512 vol.
1820 2460 2020 2510 XLIX.
2057 2454 2207 2510 Fasc.
2236 2459 2318 2509 IV.
2369 2475 2420 2525 p.
2445 2456 2617 2510 371—

281 2543 428 2608 425).
460 2574 530 2587 -
597 2548 680 2599 50.
715 2548 1156 2598 Animadversiones
1200 2549 1250 2598 in
1282 2549 1584 2609 posteriorem
1627 2551 1813 2609 partem
1850 2547 2088 2596 Basiliam·
2120 2546 2334 2608 opusculi
2367 2546 2427 2595 de
2461 2547 2616 2607 leyen-

281 2635 358 2685 dis
388 2636 634 2697 9enlils‘mn
659 2636 805 2684 libris.
835 2632 963 2700 (vid.
993 2635 1164 2684 Archiv
1189 2635 1270 2697 fiir
1300 2634 1561 2695 Philoloyie
1587 2634 1688 2683 und
1716 2633 2014 2696 Padayoqilt.
2047 2631 2156 2682 Vol.
2180 2631 2326 2682 xm.
2364 2631 2504 2681 Fasc.
2528 2633 2619 2684 111.

281 2735 332 2786 p.
359 2715 702 2786 455—473).
736 2747 798 2758 —
881 2716 966 2770 60.
1003 2720 1295 2782 Lesefrilchte
1327 2719 1700 2780 byzantiniscller
1744 2720 2017 2780 Theotoyie:
2060 2719 2099 2767 1.
2133 2718 2358 2768 Nikolaos
2404 2718 2614 2767 Kabasi-

280 2808 366 2856 las.
417 2803 546 2870 (vid.
586 2806 907 2868 Theoloyisehe
940 2807 1138 2855 Studien
1170 2805 1270 2854 und
1304 2804 1535 2854 Kritiken.
1576 2800 1719 2853 1843.
1771 2820 1821 2869 p.
1844 2801 1940 2853 721
1964 2800 2188 2868 -746).
2226 2827 2291 2839 —-
2358 2799 2443 2853 7⁰.
2480 2803 2613 2851 Har·

278 2905 362 2941 cus
383 2892 650 2954 Eugenious
680 2893 791 2940 fiber
814 2892 891 2941 dle
915 2891 1192 2945 moralisolle
1217 2890 1470 2940 schwacloe
1498 2890 1582 2939 des
1612 2889 1870 2940 Mensellen.
1939 2888 2037 2938 Aus
2066 2888 2151 2938 der
2176 2886 2431 2937 Manchner
2444 2886 2614 2935 Hand-

278 2977 442 3038 scta-ist
474 2972 574 3025 495
611 2990 720 3026 zum
753 2981 902 3027 ersten
935 2979 1061 3027 Male
1093 2978 1192 3026 and
1226 2978 1312 3025 mit
1344 2975 1704 3038 Amnerltunaen
1749 2974 2136 3036 lterausyeyeben.
2186 2970 2311 3038 (vid.
2350 2972 2615 3034 Zeilscluilt

277 3061 358 3123 fili·
409 3062 487 3111 die
532 3061 801 3112 historische
832 3063 1087 3125 Tlteoloyie.
1128 3060 1270 3113 1845.
1325 3060 1461 3110 Fasc.
1486 3060 1570 3110 IV.
1624 3076 1673 3127 p.
1698 3056 1763 3110 42
1792 3057 1984 3125 -73).
2017 3085 2086 3095 —
2170 3060 2255 3109 80.
2312 3055 2612 3107 Dissertatio

277 3144 597 3212 theologica,
632 3162 729 3213 qua
764 3144 1079 3213 disputatur,
1115 3145 1180 3196 ad
1216 3162 1458 3214 quosnam
1493 3145 1744 3213 pertineat
1779 3143 2045 3211 promissio
2080 3141 2293 3211 Spiritus
2327 3142 2491 3193 sancti
2519 3159 2608 3193 se-

280 3230 497 3281 cuudum
545 3229 681 3281 Novi
715 3229 953 3280 Foederis
987 3230 1285 3281 doctrinam.
1358 3233 1495 3282 lueet
1538 3229 1821 3299 disquisitio
1878 3228 2180 3297 philologica
2231 3227 2296 3279 de
2331 3228 2611 3280 Paracleto.

277 3318 514 3367 Accedunt
545 3318 724 3366 scholia
757 3319 1021 3387 maximam
1053 3322 1239 3379 partem
1269 3319 1533 3378 patriotica.
1586 3315 1822 3367 Basileae.
1875 3316 2035 3384 Typis
2069 3326 2124 3366 et
2156 3314 2394 3384 impensis
2417 3313 2611 3365 biblio-

277 3400 400 3468 polii
425 3399 979 3469 Schweighaeuser-iani.
1004 3401 1376 3451 MDcccxm.
1407 3402 1490 3453 80.
1528 3430 1590 3441 -
1646 3400 1731 3453 90.
1768 3405 1902 3454 Elia«
1930 3404 2249 3466 Metropolitae
2285 3404 2448 3453 Cretae
2471 3403 2611 3452 Gom·

275 3489 498 3538 mutarit
529 3490 582 3538 in
618 3489 672 3539 S.
710 3490 925 3550 Gregorii
955 3490 1242 3539 Nazianzeni
1275 3490 1520 3539 Oratiovm
1549 3490 1678 3540 xlx,
1712 3493 1753 3541 Ε
1783 3492 1941 3542 codice
1973 3503 2061 3539 ms.
2092 3489 2353 3539 Basileensi
2384 3490 2615 3550 excerpsit

274 3578 318 3623 et
351 3576 700 3624 annotationem
733 3588 842 3623 etim
871 3577 920 3623 in
947 3575 1081 3623 Eliae
1108 3576 1476 3625 Commentarios
1509 3580 1610 3626 tum
1642 3578 1695 3626 in
1729 3577 1781 3626 S.
1812 3578 2023 3639 Gregorii
2059 3577 2305 3626 Orationes
2331 3575 2446 3623 XIX
2475 3574 2611 3622 adie-

274 3661 338 3708 cit
371 3662 427 3709 A.
463 3660 498 3709 1.
567 3660 802 3709 Accedunt
837 3661 1007 3709 Basilii
1044 3661 1336 3723 aliorumque
1369 3661 1559 3711 Scholia
1595 3664 1645 3710 in
1698 3663 1750 3710 S.
1787 3663 2000 3725 Gregorii
2051 3662 2329 3720 Orationes,
2376 3672 2401 3707 e
2435 3659 2610 3708 codici-

275 3745 364 3793 bus
413 3745 770 3793 floriacensibus
819 3749 1055 3807 exea-pla.
1139 3746 1346 3813 (Patr-ol.
1384 3750 1463 3796 Gr.
1513 3749 1588 3797 ed.
1641 3747 1797 3806 Mimas
1829 3746 1890 3795 T.
1913 3744 2263 3794 XXXV1.==
2304 3744 2356 3794 S.
2394 3745 2613 3805 Gregorii

273 3831 390 3879 Nae.
447 3830 569 3891 Opp.
621 3832 783 3879 omnia
830 3831 903 3880 ed.
941 3831 1097 3894 Hique
1145 3832 1206 3881 T.
1237 3831 1293 3879 ll.
1367 3829 1578 3881 Parisiis.
1618 3828 2055 3896 MDcccm'nl.)
2098 3856 2157 3867 -
2232 3829 2343 3880 100.
2382 3830 2600 3897 Symbo-

273 3910 348 3962 las
386 3911 576 3963 contuli
609 3912 676 3964 ad
709 3913 843 3965 hunc
874 3913 1084 3976 librum,
1136 3914 1325 3965 editum
1359 3933 1389 3966 a
1426 3915 1535 3966 viro
1571 3914 1901 3972 amicissimo.
1957 3913 2092 3965 cuius
2127 3913 2417 3965 memoriam
2470 3911 2610 3965 nulla

273 4014 490 4064 uuquam
541 3996 730 4050 oblivio
784 4017 844 4050 ex
891 3999 1059 4050 animo
1093 4018 1208 4052 meo
1240 3999 1457 4051 delebit:
1519 4004 1571 4053 S.
1610 4004 1824 4065 Gregorii
1858 4004 2078 4065 Episcopi
2112 4004 2307 4064 Nysseni
2341 4002 2400 4050 de
2434 4002 2608 4051 Anima

272 4089 316 4134 et
349 4086 696 4135 Resurrectionc
748 4101 854 4136 cum
903 4101 1061 4138 serore
1112 4101 1202 4136 sua
1237 4090 1453 4137 Macrina
1488 4090 1731 4151 Dialogus.
1803 4087 1891 4138 Gr.
1930 4096 1985 4137 et
2040 4087 2147 4138 Lat.
2187 4087 2265 4137 Ad
2301 4084 2445 4139 codd.
2489 4101 2605 4134 mss.

272 4167 425 4219 fidem
461 4186 560 4220 rec.
598 4181 652 4220 et
684 4170 861 4221 illustr.
903 4173 975 4223 lo.
1009 4173 1193 4238 Georg.
1232 4171 1594 4239 Krabingerus,
1634 4172 1973 4223 Bibliothecae
2011 4172 2129 4240 Reg.
2169 4173 2367 4222 Monac.
2409 4170 2607 4219 Custos.

271 4253 495 4321 Lipsiae.
542 4255 1050 4308 Mocccxxxvn.
1121 4259 1174 4308 In
1214 4257 1413 4309 libraris
1452 4259 1506 4309 C.
1540 4258 1794 4326 Wuttigii.
1832 4263 1914 4312 80.
1954 4287 2018 4298 -
2094 4258 2204 4309 11⁰.
2246 4259 2491 4307 Variantes
2541 4258 2607 4306 le-

270 4344 442 4392 ctiones
490 4350 543 4391 et
594 4344 938 4393 emendationes
984 4341 1035 4392 in
1085 4347 1275 4394 Eusebii
1324 4346 1747 4407 Praeparationem
1796 4348 1980 4408 Evany.
1998 4380 2014 4407 ,
2072 4361 2101 4393 a
2138 4359 2218 4392 me
2263 4340 2608 4408 suppeditatas

269 4425 623 4487 Heiuicheuio,
659 4426 782 4478 Viro
808 4426 900 4488 CL,
936 4429 1140 4479 exhibet
1165 4431 1483 4496 programma
1507 4430 1766 4498 Gymnasii
1801 4431 2037 4482 Zwiccav.
2074 4426 2607 4479 MDcccxbvu.-

269 4511 448 4580 Neque
499 4529 621 4563 vero
656 4515 746 4564 SS.
784 4514 955 4565 Patres
992 4513 1242 4566 Ecclesiae
1294 4515 1490 4583 neglexi
1539 4515 1592 4566 iu
1631 4515 1832 4589 reliquis
1865 4514 2067 4583 scriptis
2103 4513 2407 4582 philologis,
2458 4532 2490 4567 a
2523 4532 2604 4571 me

269 4596 449 4661 editis,
487 4614 616 4669 quae
649 4609 817 4650 tamea
853 4599 939 4652 hic
972 4617 1204 4652 enarrare
1238 4600 1445 4668 longum
1476 4599 1565 4662 sit.
