3185 5219
2329 395 2566 453 CXLVII

230 547 367 604 iores
388 546 550 613 duos,
572 548 684 602 sive
706 564 877 603 annos
906 547 1016 614 168,
1041 547 1327 612 exemisse,
1350 553 1509 620 atque
1529 546 1687 603 horas
1711 550 1768 603 in
1791 565 2104 621 unaquaque
2125 551 2567 607 tessaradecasste·

232 633 337 688 ride
359 633 516 699 duas,
539 632 643 690 hoc
664 635 713 689 si
734 649 917 688 verum
936 639 1041 700 est,
1061 634 1549 689 tessuadecaeterls
1571 636 1778 689 Iuliana
1797 635 1908 690 dies
1930 635 2146 690 habebit
2165 636 2316 701 5113,
2349 636 2459 691 bor.
2490 639 2568 692 10.

233 719 277 772 Δ
297 720 495 790 quibus
519 720 750 791 quinque
773 719 957 774 diebus
980 719 1197 786 ablatis,
1227 721 1319 791 qui
1344 720 1405 774 in
1431 721 1634 790 cyclum
1656 728 1978 792 postremum
2009 728 2356 788 reservantur,
2390 740 2570 794 super-

233 813 357 858 sunt
374 804 530 871 5108,
558 806 639 860 10.
699 806 776 860 De
806 806 997 876 quibus
1019 804 1252 862 detracta
1272 806 1565 877 quantitate
1586 806 1834 860 tredecim
1858 823 2114 861 annorum
2137 807 2458 862 Iulianormn
2482 809 2570 862 de-

233 890 397 946 dmm
429 897 649 961 quartus
677 891 789 946 dies
818 891 1020 945 auferet
1039 889 1234 963 3607,
1302 890 1371 945 Ut
1401 892 1539 962 apud
1571 890 1922 963 Epiphaniam
1952 893 2059 963 legi
2091 899 2351 963 oporteat:
2393 892 2568 946 λοιπὸν

234 974 451 1046 γίνονται
472 972 545 1038 r?
570 975 773 1048 ἡμέραι,
806 977 888 1030 καὶ
921 979 1047 1048 reae
1079 968 1204 1047 ὧραι
1226 975 1362 1047 παρὰ
1383 976 1519 1048 ὥραν
1544 976 1675 1048 μίαν.
1744 978 1870 1033 Dies
1904 985 2079 1033 autem
2113 979 2169 1032 in
2203 980 2350 1046 cyclo
2384 979 2573 1033 maiori

234 1061 465 1115 confient
484 1059 682 1129 30680,
710 1061 797 1128 12,
822 1063 911 1133 qni
935 1079 968 1116 a
988 1063 1160 1116 lunari
1183 1069 1328 1116 motu
1353 1062 1545 1116 absunt
1566 1063 1751 1117 diebus
1773 1064 1881 1117 fere
1905 1064 2133 1129 duobus,
2157 1061 2256 1117 hoc
2281 1072 2363 1118 est
2392 1064 2433 1129 1,
2455 1064 2569 1120 hor.

238 1146 317 1203 18.
365 1147 622 1212 Quocirca
648 1147 869 1202 ludaeos
903 1146 1224 1220 Epiphanius
1258 1141 1437 1201 scribit
1469 1148 1669 1203 medias
1701 1149 2003 1203 neomenias
2037 1149 2381 1219 anticipantes
2413 1149 2571 1204 biduo

235 1233 475 1287 ultimam
496 1233 826 1287 tricenariam
849 1235 1165 1305 imputasse,
1190 1250 1308 1288 cum
1328 1233 1437 1288 dies
1456 1234 1711 1288 duntaxat
1732 1235 1905 1288 forent
1927 1235 2008 1301 28,
2032 1233 2142 1290 hor.
2165 1234 2214 1290 6.
2249 1235 2420 1305 Atque
2444 1235 2572 1289 haec

233 1319 493 1390 posterior
526 1319 659 1390 cycli
693 1318 1034 1374 conformatio
1069 1319 1219 1373 aliter
1250 1320 1526 1374 intellectis
1559 1319 1839 1392 Epiphanii
1859 1319 2032 1374 verbis
2055 1321 2332 1391 approbari
2354 1320 2571 1375 videtur.

235 1403 495 1458 Nimirum
521 1421 643 1459 cum
666 1406 844 1458 scribit
866 1405 1020 1459 tortio
1046 1421 1254 1476 quoque
1279 1422 1416 1460 anno
1449 1405 1588 1460 diem
1622 1423 1913 1460 accrescere
1946 1422 2012 1459 ex
2044 1405 2185 1460 horis
2208 1405 2265 1472 8,
2301 1423 2436 1477 quae
2469 1408 2574 1461 sin·

236 1490 379 1560 gulia
399 1491 553 1544 annis
578 1490 846 1545 accedunt.
882 1489 1015 1544 Nam
1037 1489 1164 1545 haec
1186 1483 1261 1545 ita
1283 1497 1503 1563 possunt
1525 1492 1693 1564 accipi
1715 1498 1774 1546 ut
1796 1508 1934 1546 anno
1958 1510 2072 1547 1111.
2096 1490 2206 1546 hor.
2232 1492 2311 1558 12,
2332 1493 2574 1548 totidem·

237 1591 341 1646 que
363 1592 504 1630 anno
527 1594 637 1632 nv.
663 1576 866 1630 additae
877 1576 1127 1642 „biennio
1152 1576 1292 1631 diem
1314 1577 1589 1648 colligant;
1612 1577 1751 1648 quod
1774 1578 1828 1631 in
1851 1576 1988 1630 hunc
2012 1594 2269 1631 annorum
2294 1579 2471 1632 orbem
2497 1579 2575 1632 lu-

235 1677 391 1715 nares
414 1663 723 1715 neomeniae
748 1668 1018 1733 cogantur.
1088 1662 1167 1718 ita
1198 1663 1375 1731 cyclus
1406 1663 1610 1733 integer
1640 1662 1751 1716 dies
1776 1663 2007 1734 praecise
2032 1664 2261 1734 quinque
2284 1662 2574 1735 superfluos

238 1746 341 1800 sibi
360 1747 629 1814 vendicat,
652 1765 760 1801 non
783 1756 843 1801 ut
863 1748 919 1802 in
941 1747 1110 1819 priore
1134 1748 1378 1802 methodo
1402 1748 1436 1801 4
1450 1790 1463 1817 ,
1488 1745 1601 1803 hor.
1625 1747 1702 1804 16.
1758 1748 1981 1819 Reliqua
2004 1765 2032 1802 e
2056 1750 2409 1820 superioribus
2429 1750 2576 1803 facil·

236 1832 366 1886 lima
392 1839 534 1888 sunt.

374 1917 581 1989 Negare
614 1918 845 1990 profecto
878 1936 1037 1973 nemo
1069 1923 1245 1990 potest
1278 1921 1403 1991 quin
1438 1919 1639 1973 utravis
1671 1920 1764 1973 iila
1791 1921 1924 1974 ratio
1957 1936 2076 1974 cum
2105 1919 2382 1992 Epiphanii
2403 1922 2576 1976 verbis

239 2010 513 2074 congruat.
550 2004 826 2059 Caeterum
848 2005 1068 2060 ludaeos
1089 2005 1172 2058 vel
1191 2003 1293 2059 hac
1316 2005 1398 2059 vel
1422 2006 1582 2060 simili
1605 2022 1861 2060 annornm
1885 2006 2224 2076 dispositione
2247 2006 2346 2060 sub
2371 2006 2578 2073 Christi,

239 2088 474 2161 adeoque
498 2091 598 2144 sub
623 2089 836 2145 Nicaeni
859 2090 1079 2144 Concilii
1100 2098 1336 2162 tempora
1358 2107 1483 2144 usos
1506 2108 1646 2158 esse,
1677 2107 1811 2162 quae
1843 2108 1876 2144 a
1897 2092 2021 2145 solis
2044 2092 2273 2146 motibus
2298 2094 2578 2160 aberraret,

238 2176 409 2229 muita
431 2181 557 2230 sunt
579 2191 713 2246 quae
737 2175 1065 2248 persuadent.
1115 2176 1219 2230 Sed
1242 2175 1373 2230 illud
1393 2176 1676 2248 imprimis,
1711 2177 1851 2247 quod
1881 2182 2064 2248 postea
2089 2177 2579 2244 demonstrabimus,

240 2260 439 2331 pascha
458 2261 516 2316 in
537 2268 803 2333 postremo
828 2279 1032 2328 mense,
1057 2262 1109 2314 id
1132 2268 1213 2316 est
1234 2270 1355 2316 ante
1374 2263 1770 2332 aequinoctium
1791 2279 1824 2315 a
1840 2263 2043 2317 Indaeis
2062 2264 2272 2334 saepius
2289 2271 2577 2334 peractum.

241 2345 469 2401 Necesse
494 2353 576 2401 eat
594 2348 774 2418 itaque
795 2348 970 2402 lahem
993 2348 1222 2419 aliquam
1247 2348 1312 2401 ad
1334 2350 1560 2403 solarem
1594 2350 1802 2403 iliorum
1836 2365 2034 2402 annum
2063 2349 2336 2414 accidisse,
2369 2355 2581 2421 propter

244 2448 401 2503 quam
436 2449 472 2486 a
502 2433 676 2503 priore
711 2432 909 2504 epocha
941 2434 1155 2487 laxatus
1191 2434 1246 2488 in
1281 2435 1540 2488 anteriora
1574 2435 1872 2500 recesserit,
1907 2435 2199 2488 cuiusmodi
2233 2436 2417 2489 vitium
2452 2437 2581 2489 alias

243 2517 429 2584 tridui,
450 2517 601 2572 bidui
624 2518 754 2572 alias
779 2519 979 2584 extitit,
1000 2519 1055 2572 in
1081 2521 1253 2573 aureis
1276 2522 1508 2574 numeris
1527 2539 1622 2575 xix
1647 2526 1699 2573 et
1721 2538 1819 2573 vm
1835 2520 2226 2585 Alexandrinis,
2250 2537 2382 2591 quos
2403 2520 2584 2575 Iudaei

245 2604 511 2676 simplices
534 2602 845 2660 babuerunt.
890 2603 951 2659 In
974 2603 1056 2659 his
1080 2606 1221 2660 enim
1245 2604 1634 2676 decimaquarta
1665 2606 1862 2660 lunaris
1896 2613 1950 2659 et
1981 2605 2189 2677 quidem
2215 2604 2475 2678 paschalis
2497 2605 2583 2660 Iu-

246 2689 395 2744 daica
424 2691 483 2744 in
512 2709 663 2745 xvm.
688 2707 749 2744 ac
773 2709 882 2745 xxx.
906 2692 1083 2745 Martii
1116 2693 1386 2757 convenit,
1416 2691 1601 2757 biduo,
1635 2692 1711 2745 uti
1742 2690 1880 2757 dixi,
1914 2692 2188 2762 triduoque
2218 2699 2340 2745 ante
2363 2710 2584 2747 vernum

247 2777 655 2847 aequinoctium.
723 2774 866 2840 Quae
891 2776 1102 2847 quidem
1125 2777 1271 2831 labes
1290 2777 1347 2830 in
1369 2776 1468 2830 hoc
1490 2775 1769 2847 Epiphanii
1790 2777 1936 2845 cyclo
1958 2777 2211 2846 paulatim
2234 2778 2430 2832 existit.
2500 2778 2583 2832 Si·

247 2862 458 2933 quidem
480 2863 537 2915 in
558 2862 719 2932 priori
740 2861 1013 2927 methodo,
1048 2864 1094 2915 si
1126 2863 1403 2917 neomenia
1430 2861 1586 2932 prinii
1616 2861 1811 2914 mensis
1836 2861 2582 2930 ogdoecontatessaraeteridos

247 2948 303 3000 in
322 2948 717 3018 aequinoctium
744 2947 966 3013 incidat,
997 2952 1186 3019 utputa
1218 2946 1301 3003 22.
1326 2947 1501 3000 Martii
1529 2951 1654 3017 post
1686 2945 1752 2999 84
1775 2962 1940 3000 annos
1976 2947 2042 2999 ad
2066 2946 2148 3002 20.
2182 2948 2474 3018 perveniet,
2506 2954 2581 3002 at-

248 3049 347 3104 que
368 3034 446 3086 ita
469 3033 716 3104 deinceps
738 3032 866 3087 κατὰ
890 3030 1153 3103 μετάβασιν
1184 3030 1246 3093 εἰς
1279 3028 1340 3083 τὰ
1374 3031 1750 3102 προηγούμενα,
1785 3031 1887 3084 nisi
1922 3033 2268 3103 castigatione
2300 3040 2353 3089 et
2384 3034 2585 3090 dierum

248 3118 537 3173 adiectione
568 3125 889 3185 coerceatnr3
922 3119 1058 3189 quod
1092 3117 1373 3171 identidem
1404 3116 1595 3171 fecisse
1625 3122 1918 3188 temporum
1948 3118 2086 3188 apud
2107 3118 2327 3173 ludaeos
2349 3120 2583 3174 modera-

248 3209 384 3259 tores
408 3205 693 3259 verisimile
717 3212 822 3270 est,
857 3219 919 3257 ac
949 3205 1251 3257 neomenias
1286 3202 1565 3273 aliquando
1594 3203 1791 3256 tardius
1814 3203 2084 3259 indixisse.
2133 3205 2202 3257 At
2222 3205 2276 3258 in
2300 3207 2584 3276 posteriore

249 3288 492 3344 methodo
515 3296 641 3361 post
658 3288 726 3344 84
744 3302 912 3344 annos
936 3290 1243 3343 neomeniae
1263 3287 1505 3343 Iudaicae
1529 3288 1596 3341 ad
1620 3288 1829 3342 eosdem
1848 3289 2074 3344 Iulianos
2093 3290 2203 3343 dies
2224 3291 2467 3358 redeunt,
2491 3293 2584 3346 sed

250 3376 503 3431 coelestes
533 3376 837 3429 neomenias
871 3391 976 3429 uno
1013 3373 1120 3440 die,
1150 3373 1295 3429 horis
1312 3374 1344 3427 7
1370 3374 1677 3445 anticipant.
1724 3374 1892 3438 Quare
1916 3376 2085 3445 prima
2107 3377 2198 3429 illa
2220 3378 2351 3431 ratio
2376 3378 2439 3431 ad
2463 3378 2583 3450 Epi-

249 3457 428 3531 phanii
449 3466 680 3514 mentem
704 3462 999 3532 plusculum
1022 3460 1227 3514 videtur
1248 3460 1517 3526 accedere,
1549 3477 1672 3513 cum
1701 3460 1772 3513 ab
1807 3461 2135 3530 aequinoctio
2167 3465 2472 3533 praesertim
2506 3481 2584 3519 re·

252 3549 471 3601 cessisse
492 3545 729 3600 Iudaicas
751 3547 1056 3600 neomenias
1080 3546 1375 3600 existimari
1392 3546 1535 3601 volit.
1587 3544 1695 3599 Sed
1716 3551 1776 3598 ut
1797 3544 1924 3615 ipsis
1946 3548 2317 3618 propemodum
2343 3549 2583 3603 sensibus

252 3648 331 3687 rea
362 3640 483 3688 tota
516 3633 839 3699 subiiciatur‚
877 3632 1013 3703 cycli
1044 3631 1240 3686 Iudaici
1272 3631 1513 3695 maioris,
1548 3630 1659 3683 sive
1693 3630 2276 3686 tessaradecaeteridum
2310 3652 2365 3688 vr
2397 3641 2583 3704 typum

252 3715 333 3772 hic
355 3719 607 3772 adtexam
631 3734 694 3772 ea
716 3718 856 3771 civili
877 3717 1048 3771 forma
1071 3733 1132 3770 ac
1154 3716 1518 3787 dispositione,
1550 3730 1684 3785 quae
1707 3731 1776 3767 ex
1798 3714 2074 3785 Epiphanii
2095 3717 2444 3790 disputatione
2465 3736 2584 3789 pro·

252 3801 491 3859 babiliter
513 3804 718 3858 institui
739 3810 936 3874 potest3
973 3818 1041 3856 ex
1065 3819 1169 3872 qua
1188 3801 1530 3856 manifestum
1555 3800 1676 3865 erit,
1711 3799 2150 3870 quemadmodum
2179 3805 2483 3858 neomeniae
2507 3804 2584 3858 bi-

254 3888 353 3944 duo
369 3890 439 3943 ab
457 3888 661 3960 epocha
676 3890 835 3943 solari
851 3889 1102 3959 paulatim
1118 3889 1175 3942 in
1193 3887 1453 3941 anteriora
1470 3885 1754 3939 discedant.
1790 3885 2038 3941 Sumatur
2058 3888 2235 3958 igitur,
2260 3895 2319 3942 nt
2339 3890 2392 3943 in
2417 3889 2586 3960 prima

255 3973 497 4029 methodo
520 3974 715 4029 dictum
740 3981 842 4040 est,
874 3973 1009 4044 cycli
1040 3974 1253 4027 maioris
1286 3973 1552 4042 quantitas
1585 3969 1785 4024 dierum
1807 3970 1993 4026 30679.
2062 3972 2221 4027 Cuius
2251 3975 2459 4027 initium
2491 3974 2583 4027 du·

256 4066 396 4114 catur
418 4062 490 4114 ab
514 4076 652 4114 anno
675 4060 899 4132 per.1u1.
922 4057 1075 4123 4663,
1097 4058 1242 4127 cyclo
1264 4058 1421 4111 lunae
1444 4055 1509 4121 8.,
1533 4057 1660 4109 solis
1689 4055 1786 4122 15„
1816 4057 1970 4110 litera
1990 4057 2055 4121 C,
2090 4074 2227 4112 anno
2253 4064 2371 4112 ante
2396 4057 2585 4113 Christi
2633 4084 2677 4127 p.
2696 4074 2785 4116 ise.

255 4147 486 4200 natalem
506 4145 593 4200 51.
659 4144 740 4198 Ita
770 4160 891 4198 cum
914 4142 1106 4199 Christi
1135 4143 1314 4214 passio
1348 4159 1416 4196 ex
1438 4139 1718 4213 Epiphanii
1748 4143 2005 4196 sententia
2031 4143 2184 4196 cadat
2203 4144 2258 4196 in
2281 4160 2476 4196 annum
2498 4144 2583 4199 Iu·

254 4230 455 4285 liauum
478 4230 561 4285 76.
575 4270 589 4296 ,
612 4246 765 4284 aerae
788 4228 1110 4284 Christianae
1132 4228 1424 4283 communis
1446 4226 1556 4291 31„
1581 4227 1680 4280 erit
1698 4228 1743 4280 is
1767 4243 1936 4281 annus
1960 4228 2092 4297 cycli
2114 4228 2326 4281 maioris
2349 4228 2457 4292 82„
2479 4236 2581 4284 tos·

259 4315 715 4371 saradecaeteridia
738 4332 860 4370 vero
883 4322 1062 4370 sextae
1086 4331 1255 4368 annus
1284 4312 1385 4379 13„
1409 4312 1554 4382 cyclo
1576 4311 1804 4366 Nicaeno
1835 4312 1936 4378 13„
1959 4313 2085 4365 solis
2115 4312 2218 4378 12„
2241 4313 2319 4369 lit.
2344 4313 2404 4369 G.

387 4402 485 4456 His
528 4401 903 4456 animadversis
948 4401 1292 4455 constituatur
1325 4399 1604 4452 neomenia
1635 4396 1799 4452 Nisan
1832 4397 1978 4466 cyclo
2013 4396 2239 4451 Nicaeno
2274 4396 2324 4451 8.
2355 4400 2410 4453 in
2442 4415 2579 4456 anno

256 4489 422 4558 primo
446 4488 853 4542 tessaradecaet.
872 4487 1073 4558 primae
1096 4486 1287 4556 Aprilis
1309 4503 1380 4540 vr,
1426 4483 1633 4537 Etenim
1656 4499 1793 4537 anno
1816 4480 2014 4555 periodi
2034 4482 2264 4536 lulianae
2284 4484 2459 4552 4663„
2494 4502 2582 4557 cy-

260 4572 340 4626 clo
361 4571 440 4640 8„
475 4573 804 4627 novilunium
824 4572 1057 4627 medium
1079 4587 1148 4625 ex
1170 4570 1377 4624 Mfilleri
1400 4569 1614 4624 Tabulis
1639 4569 1820 4623 accidit
1841 4567 1965 4637 Apr.
1985 4584 2057 4623 vr.
2083 4568 2221 4622 circa
2241 4568 2465 4626 mediam
2488 4590 2580 4626 no-

262 4665 422 4729 enu,
456 4657 557 4712 hoc
590 4664 673 4712 est
699 4658 824 4729 Apr.
848 4658 898 4712 6.
916 4658 972 4714 0.
994 4653 1098 4712 58'.
1144 4655 1395 4728 Reliquae
1416 4654 1723 4709 neomeniae
1744 4654 2037 4707 necessario
2062 4661 2311 4711 contextu
2333 4672 2448 4712 sese
2467 4664 2579 4713 toto

2095 4754 2181 4815 K*
