<?xml version="1.0" encoding="UTF-8"?>
<!DOCTYPE html PUBLIC "-//W3C//DTD XHTML 1.0 Transitional//EN"
    "http://www.w3.org/TR/xhtml1/DTD/xhtml1-transitional.dtd">
<html xmlns="http://www.w3.org/1999/xhtml" xml:lang="en" lang="en">
 <head>
  <title>
</title>
<meta http-equiv="Content-Type" content="text/html;charset=utf-8" />
  <meta name='ocr-system' content='tesseract 3.04.00' />
  <meta name='ocr-capabilities' content='ocr_page ocr_carea ocr_par ocr_line ocrx_word'/>
</head>
<body>
  <div class='ocr_page' id='page_1' title='image "./corporishaerese06oehlgoog_0095.png"; bbox 0 0 3185 5219; ppageno 0'>
   <div class='ocr_carea' id='block_1_1' title="bbox 595 537 1253 641">
    <p class='ocr_par' dir='ltr' id='par_1_1' title="bbox 595 537 1253 641">
     <span class='ocr_line' id='line_1_1' title="bbox 595 537 1253 641; baseline 0.009 -21"><span class='ocrx_word' id='word_1_1' title='bbox 595 566 677 620; x_wconf 86' lang='lat' dir='ltr'><strong>Ex</strong></span> <span class='ocrx_word' id='word_1_2' title='bbox 710 567 882 622; x_wconf 86' lang='lat' dir='ltr'><strong>Fastis</strong></span> <span class='ocrx_word' id='word_1_3' title='bbox 919 537 1253 641; x_wconf 68' lang='lat' dir='ltr'><strong>Capitolonis.</strong></span> 
     </span>
    </p>
   </div>
   <div class='ocr_carea' id='block_1_2' title="bbox 276 395 2596 686">
    <p class='ocr_par' dir='ltr' id='par_1_2' title="bbox 276 395 2596 686">
     <span class='ocr_line' id='line_1_2' title="bbox 276 395 2596 686; baseline 0 4533"><span class='ocrx_word' id='word_1_4' title='bbox 276 395 2596 686; x_wconf 95' lang='lat' dir='ltr'><strong> </strong></span> 
     </span>
    </p>
   </div>
   <div class='ocr_carea' id='block_1_3' title="bbox 302 702 2549 1544">
    <p class='ocr_par' dir='ltr' id='par_1_3' title="bbox 302 702 2548 780">
     <span class='ocr_line' id='line_1_3' title="bbox 302 702 2548 780; baseline 0.009 -24"><span class='ocrx_word' id='word_1_5' title='bbox 302 702 367 757; x_wconf 77' lang='lat'><strong>33</strong></span> <span class='ocrx_word' id='word_1_6' title='bbox 412 703 472 758; x_wconf 91' lang='lat' dir='ltr'><strong>L.</strong></span> <span class='ocrx_word' id='word_1_7' title='bbox 496 703 730 759; x_wconf 87' lang='lat' dir='ltr'><strong>Licinius</strong></span> <span class='ocrx_word' id='word_1_8' title='bbox 954 707 1010 762; x_wconf 90' lang='lat' dir='ltr'><strong>L.</strong></span> <span class='ocrx_word' id='word_1_9' title='bbox 1036 708 1344 780; x_wconf 83' lang='lat' dir='ltr'><strong>Calpurnius</strong></span> <span class='ocrx_word' id='word_1_10' title='bbox 1481 713 1700 767; x_wconf 84' lang='lat' dir='ltr'><strong>Crassus</strong></span> <span class='ocrx_word' id='word_1_11' title='bbox 1722 721 1775 768; x_wconf 84' lang='lat' dir='ltr'><strong>et</strong></span> <span class='ocrx_word' id='word_1_12' title='bbox 1797 716 1915 770; x_wconf 85' lang='lat' dir='ltr'><strong>Piso</strong></span> <span class='ocrx_word' id='word_1_13' title='bbox 2043 717 2309 773; x_wconf 84' lang='lat' dir='ltr'><strong>Getulicus</strong></span> <span class='ocrx_word' id='word_1_14' title='bbox 2355 727 2409 774; x_wconf 84' lang='lat' dir='ltr'><strong>et</strong></span> <span class='ocrx_word' id='word_1_15' title='bbox 2455 722 2548 776; x_wconf 83' lang='lat' dir='ltr'><strong>Sa-</strong></span> 
     </span>
    </p>

    <p class='ocr_par' dir='ltr' id='par_1_4' title="bbox 302 804 2476 946">
     <span class='ocr_line' id='line_1_4' title="bbox 302 804 2476 946; baseline 0.007 -16"><span class='ocrx_word' id='word_1_16' title='bbox 302 873 367 930; x_wconf 74' lang='lat'><strong>34</strong></span> <span class='ocrx_word' id='word_1_17' title='bbox 414 878 513 946; x_wconf 78' lang='lat' dir='ltr'><strong>Ap.</strong></span> <span class='ocrx_word' id='word_1_18' title='bbox 553 875 717 931; x_wconf 83' lang='lat' dir='ltr'><strong>Iulius</strong></span> <span class='ocrx_word' id='word_1_19' title='bbox 758 876 891 932; x_wconf 85' lang='lat' dir='ltr'><strong>Sila-</strong></span> <span class='ocrx_word' id='word_1_20' title='bbox 955 878 1013 934; x_wconf 91' lang='lat' dir='ltr'><strong>P.</strong></span> <span class='ocrx_word' id='word_1_21' title='bbox 1038 878 1197 934; x_wconf 80' lang='lat' dir='ltr'><strong>Silius</strong></span> <span class='ocrx_word' id='word_1_22' title='bbox 1220 880 1391 935; x_wconf 79' lang='lat' dir='ltr'><strong>Nerva</strong></span> <span class='ocrx_word' id='word_1_23' title='bbox 1481 884 1726 939; x_wconf 79' lang='lat' dir='ltr'><strong>Silvanus</strong></span> <span class='ocrx_word' id='word_1_24' title='bbox 1750 893 1803 941; x_wconf 87' lang='lat' dir='ltr'><strong>et</strong></span> <span class='ocrx_word' id='word_1_25' title='bbox 1819 887 1990 943; x_wconf 79' lang='lat' dir='ltr'><strong>Nerva</strong></span> <span class='ocrx_word' id='word_1_26' title='bbox 2041 804 2262 943; x_wconf 51' lang='lat'><strong>&amp;233</strong></span> <span class='ocrx_word' id='word_1_27' title='bbox 2287 897 2339 944; x_wconf 89' lang='lat' dir='ltr'><strong>et</strong></span> <span class='ocrx_word' id='word_1_28' title='bbox 2357 891 2476 946; x_wconf 86' lang='lat' dir='ltr'><strong>Piso</strong></span> 
     </span>
    </p>

    <p class='ocr_par' dir='ltr' id='par_1_5' title="bbox 305 977 2514 1150">
     <span class='ocr_line' id='line_1_5' title="bbox 305 977 2514 1150; baseline 0.009 -52"><span class='ocrx_word' id='word_1_29' title='bbox 305 1045 367 1100; x_wconf 80' lang='lat'><strong>35</strong></span> <span class='ocrx_word' id='word_1_30' title='bbox 418 977 762 1144; x_wconf 55' lang='lat' dir='ltr'><strong>C.1;lu⁸bellius</strong></span> <span class='ocrx_word' id='word_1_31' title='bbox 792 1048 892 1103; x_wconf 84' lang='lat' dir='ltr'><strong>Ge·</strong></span> <span class='ocrx_word' id='word_1_32' title='bbox 961 1049 1017 1105; x_wconf 90' lang='lat' dir='ltr'><strong>C.</strong></span> <span class='ocrx_word' id='word_1_33' title='bbox 1040 1050 1219 1150; x_wconf 78' lang='lat' dir='ltr'><strong>Fufius</strong></span> <span class='ocrx_word' id='word_1_34' title='bbox 1254 1058 1308 1107; x_wconf 85' lang='lat' dir='ltr'><strong>et</strong></span> <span class='ocrx_word' id='word_1_35' title='bbox 1331 1052 1433 1108; x_wconf 83' lang='lat' dir='ltr'><strong>Ge·</strong></span> <span class='ocrx_word' id='word_1_36' title='bbox 1486 1056 1696 1112; x_wconf 84' lang='lat' dir='ltr'><strong>Gemini</strong></span> <span class='ocrx_word' id='word_1_37' title='bbox 1717 996 1821 1113; x_wconf 83' lang='lat' dir='ltr'><strong>duo</strong></span> <span class='ocrx_word' id='word_1_38' title='bbox 2042 1060 2251 1115; x_wconf 79' lang='lat' dir='ltr'><strong>Silanus</strong></span> <span class='ocrx_word' id='word_1_39' title='bbox 2275 1068 2328 1115; x_wconf 89' lang='lat' dir='ltr'><strong>et</strong></span> <span class='ocrx_word' id='word_1_40' title='bbox 2343 1063 2514 1118; x_wconf 84' lang='lat' dir='ltr'><strong>Nerva</strong></span> 
     </span>
    </p>

    <p class='ocr_par' dir='ltr' id='par_1_6' title="bbox 303 1148 2549 1321">
     <span class='ocr_line' id='line_1_6' title="bbox 303 1148 2549 1321; baseline 0.008 -51"><span class='ocrx_word' id='word_1_41' title='bbox 303 1216 369 1272; x_wconf 79' lang='lat'><strong>36</strong></span> <span class='ocrx_word' id='word_1_42' title='bbox 417 1148 759 1274; x_wconf 50' lang='grc' dir='ltr'><strong>Μιτίἲιῗοὶηο</strong></span> <span class='ocrx_word' id='word_1_43' title='bbox 960 1153 1262 1321; x_wconf 49' lang='grc' dir='ltr'><strong>αῗῃυῗίηε</strong></span> <span class='ocrx_word' id='word_1_44' title='bbox 1294 1225 1431 1280; x_wconf 79' lang='lat' dir='ltr'><strong>Lon-</strong></span> <span class='ocrx_word' id='word_1_45' title='bbox 1484 1230 1654 1284; x_wconf 66' lang='lat' dir='ltr'><strong>Rufus</strong></span> <span class='ocrx_word' id='word_1_46' title='bbox 1679 1236 1733 1284; x_wconf 85' lang='lat' dir='ltr'><strong>et</strong></span> <span class='ocrx_word' id='word_1_47' title='bbox 1752 1229 1988 1286; x_wconf 78' lang='lat' dir='ltr'>Rubellio</span> <span class='ocrx_word' id='word_1_48' title='bbox 2043 1231 2294 1287; x_wconf 85' lang='lat' dir='ltr'><strong>Geminus</strong></span> <span class='ocrx_word' id='word_1_49' title='bbox 2351 1241 2404 1287; x_wconf 85' lang='lat' dir='ltr'><strong>et·</strong></span> <span class='ocrx_word' id='word_1_50' title='bbox 2451 1235 2549 1289; x_wconf 88' lang='lat' dir='ltr'><strong>Ge-</strong></span> 
     </span>
    </p>

    <p class='ocr_par' dir='ltr' id='par_1_7' title="bbox 304 1323 2547 1544">
     <span class='ocr_line' id='line_1_7' title="bbox 304 1323 2547 1474; baseline 0.008 -34"><span class='ocrx_word' id='word_1_51' title='bbox 304 1387 369 1442; x_wconf 79' lang='lat'><strong>37</strong></span> <span class='ocrx_word' id='word_1_52' title='bbox 418 1387 534 1442; x_wconf 80' lang='lat' dir='ltr'><strong>Tib.</strong></span> <span class='ocrx_word' id='word_1_53' title='bbox 551 1389 614 1443; x_wconf 87' lang='lat' dir='ltr'><strong>V.</strong></span> <span class='ocrx_word' id='word_1_54' title='bbox 960 1323 1196 1448; x_wconf 38' lang='lat' dir='ltr'><strong>Seffiz-</strong></span> <span class='ocrx_word' id='word_1_55' title='bbox 1484 1401 1716 1456; x_wconf 83' lang='lat' dir='ltr'><strong>Vinicius</strong></span> <span class='ocrx_word' id='word_1_56' title='bbox 1735 1402 1990 1474; x_wconf 78' lang='lat' dir='ltr'><strong>etLongi-</strong></span> <span class='ocrx_word' id='word_1_57' title='bbox 2039 1335 2293 1458; x_wconf 56' lang='grc' dir='ltr'><strong>Βηιὲηῗῃξί</strong></span> <span class='ocrx_word' id='word_1_58' title='bbox 2318 1405 2547 1459; x_wconf 83' lang='lat' dir='ltr'><strong>Rubelli·</strong></span> 
     </span>
     <span class='ocr_line' id='line_1_8' title="bbox 1548 1486 2208 1544; baseline 0.006 -4"><span class='ocrx_word' id='word_1_59' title='bbox 1548 1503 1648 1540; x_wconf 84' lang='lat' dir='ltr'><strong>nus</strong></span> <span class='ocrx_word' id='word_1_60' title='bbox 1676 1486 1888 1541; x_wconf 81' lang='lat' dir='ltr'><strong>Cassius</strong></span> <span class='ocrx_word' id='word_1_61' title='bbox 2107 1506 2208 1544; x_wconf 89' lang='lat' dir='ltr'><strong>nus</strong></span> 
     </span>
    </p>
   </div>
   <div class='ocr_carea' id='block_1_4' title="bbox 721 1806 2133 1979">
    <p class='ocr_par' dir='ltr' id='par_1_8' title="bbox 721 1806 2133 1979">
     <span class='ocr_line' id='line_1_9' title="bbox 1222 1806 1628 1873; baseline 0.002 -1"><span class='ocrx_word' id='word_1_62' title='bbox 1222 1807 1279 1872; x_wconf 89' lang='lat' dir='ltr'>N</span> <span class='ocrx_word' id='word_1_63' title='bbox 1310 1806 1361 1873; x_wconf 90' lang='grc' dir='ltr'><strong>Ο</strong></span> <span class='ocrx_word' id='word_1_64' title='bbox 1393 1808 1445 1873; x_wconf 91' lang='grc' dir='ltr'>Τ</span> <span class='ocrx_word' id='word_1_65' title='bbox 1474 1808 1531 1872; x_wconf 90' lang='grc' dir='ltr'><strong>Α</strong></span> <span class='ocrx_word' id='word_1_66' title='bbox 1558 1808 1628 1873; x_wconf 90' lang='grc' dir='ltr'><strong>Ε.</strong></span> 
     </span>
     <span class='ocr_line' id='line_1_10' title="bbox 721 1921 2133 1979; baseline 0.001 -2"><span class='ocrx_word' id='word_1_67' title='bbox 721 1923 813 1977; x_wconf 81' lang='grc' dir='ltr'><strong>ΔΙ)</strong></span> <span class='ocrx_word' id='word_1_68' title='bbox 848 1922 1210 1979; x_wconf 79' lang='lat' dir='ltr'><strong>EXCERPTA</strong></span> <span class='ocrx_word' id='word_1_69' title='bbox 1244 1921 1751 1979; x_wconf 77' lang='lat' dir='ltr'><strong>CONSULATUUM</strong></span> <span class='ocrx_word' id='word_1_70' title='bbox 1785 1922 2133 1979; x_wconf 81' lang='lat' dir='ltr'><strong>COLLEGIA.</strong></span> 
     </span>
    </p>
   </div>
   <div class='ocr_carea' id='block_1_5' title="bbox 266 2059 2593 2555">
    <p class='ocr_par' dir='ltr' id='par_1_9' title="bbox 396 2059 1960 2132">
     <span class='ocr_line' id='line_1_11' title="bbox 396 2059 1960 2132; baseline 0.002 -18"><span class='ocrx_word' id='word_1_71' title='bbox 396 2059 459 2114; x_wconf 89' lang='lat' dir='ltr'><strong>ln</strong></span> <span class='ocrx_word' id='word_1_72' title='bbox 480 2059 565 2114; x_wconf 80' lang='lat' dir='ltr'><strong>his</strong></span> <span class='ocrx_word' id='word_1_73' title='bbox 588 2077 721 2115; x_wconf 85' lang='lat' dir='ltr'><strong>coss.</strong></span> <span class='ocrx_word' id='word_1_74' title='bbox 743 2062 954 2132; x_wconf 86' lang='lat' dir='ltr'><strong>paribus</strong></span> <span class='ocrx_word' id='word_1_75' title='bbox 977 2063 1232 2116; x_wconf 87' lang='lat' dir='ltr'><strong>nonnulla</strong></span> <span class='ocrx_word' id='word_1_76' title='bbox 1253 2068 1377 2116; x_wconf 82' lang='lat' dir='ltr'><strong>sunt</strong></span> <span class='ocrx_word' id='word_1_77' title='bbox 1400 2063 1762 2118; x_wconf 80' lang='lat' dir='ltr'><strong>observatione</strong></span> <span class='ocrx_word' id='word_1_78' title='bbox 1786 2060 1960 2131; x_wconf 81' lang='lat' dir='ltr'><strong>digna.</strong></span> 
     </span>
    </p>

    <p class='ocr_par' dir='ltr' id='par_1_10' title="bbox 266 2144 2593 2555">
     <span class='ocr_line' id='line_1_12' title="bbox 397 2144 2588 2218; baseline 0 -18"><span class='ocrx_word' id='word_1_79' title='bbox 397 2144 459 2199; x_wconf 92' lang='lat' dir='ltr'><strong>In</strong></span> <span class='ocrx_word' id='word_1_80' title='bbox 482 2164 554 2200; x_wconf 79' lang='lat' dir='ltr'><strong>vr.</strong></span> <span class='ocrx_word' id='word_1_81' title='bbox 579 2145 899 2218; x_wconf 69' lang='lat' dir='ltr'><strong>Epiphanius</strong></span> <span class='ocrx_word' id='word_1_82' title='bbox 920 2146 1167 2204; x_wconf 84' lang='lat' dir='ltr'><strong>Pisonem</strong></span> <span class='ocrx_word' id='word_1_83' title='bbox 1188 2167 1245 2203; x_wconf 90' lang='lat'><strong>11.</strong></span> <span class='ocrx_word' id='word_1_84' title='bbox 1270 2149 1539 2203; x_wconf 85' lang='lat' dir='ltr'><strong>consulem</strong></span> <span class='ocrx_word' id='word_1_85' title='bbox 1561 2147 1831 2211; x_wconf 73' lang='lat' dir='ltr'><strong>adscribit,</strong></span> <span class='ocrx_word' id='word_1_86' title='bbox 1857 2147 1995 2217; x_wconf 88' lang='lat' dir='ltr'><strong>quod</strong></span> <span class='ocrx_word' id='word_1_87' title='bbox 2018 2164 2184 2218; x_wconf 88' lang='lat' dir='ltr'><strong>neque</strong></span> <span class='ocrx_word' id='word_1_88' title='bbox 2209 2149 2263 2201; x_wconf 88' lang='lat' dir='ltr'><strong>in</strong></span> <span class='ocrx_word' id='word_1_89' title='bbox 2282 2147 2588 2218; x_wconf 73' lang='lat' dir='ltr'><strong>Capitolinis</strong></span> 
     </span>
     <span class='ocr_line' id='line_1_13' title="bbox 266 2231 2593 2305; baseline 0.002 -21"><span class='ocrx_word' id='word_1_90' title='bbox 266 2247 435 2301; x_wconf 81' lang='lat' dir='ltr'><strong>neque</strong></span> <span class='ocrx_word' id='word_1_91' title='bbox 466 2232 521 2286; x_wconf 91' lang='lat' dir='ltr'><strong>in</strong></span> <span class='ocrx_word' id='word_1_92' title='bbox 556 2231 747 2287; x_wconf 77' lang='lat' dir='ltr'><strong>Siculis</strong></span> <span class='ocrx_word' id='word_1_93' title='bbox 782 2233 1016 2287; x_wconf 87' lang='lat' dir='ltr'><strong>additum</strong></span> <span class='ocrx_word' id='word_1_94' title='bbox 1046 2239 1152 2299; x_wconf 86' lang='lat' dir='ltr'><strong>est;</strong></span> <span class='ocrx_word' id='word_1_95' title='bbox 1182 2234 1275 2288; x_wconf 86' lang='lat' dir='ltr'><strong>sed</strong></span> <span class='ocrx_word' id='word_1_96' title='bbox 1302 2234 1369 2287; x_wconf 83' lang='lat' dir='ltr'><strong>ad</strong></span> <span class='ocrx_word' id='word_1_97' title='bbox 1404 2233 1562 2288; x_wconf 87' lang='lat' dir='ltr'><strong>Gnaei</strong></span> <span class='ocrx_word' id='word_1_98' title='bbox 1594 2233 1851 2287; x_wconf 81' lang='lat' dir='ltr'><strong>duntaxat</strong></span> <span class='ocrx_word' id='word_1_99' title='bbox 1881 2232 2084 2288; x_wconf 86' lang='lat' dir='ltr'><strong>Pisonis</strong></span> <span class='ocrx_word' id='word_1_100' title='bbox 2118 2233 2469 2300; x_wconf 80' lang='lat' dir='ltr'><strong>consulatum,</strong></span> <span class='ocrx_word' id='word_1_101' title='bbox 2504 2236 2593 2305; x_wconf 86' lang='lat' dir='ltr'><strong>qui</strong></span> 
     </span>
     <span class='ocr_line' id='line_1_14' title="bbox 270 2317 2592 2390; baseline 0.002 -21"><span class='ocrx_word' id='word_1_102' title='bbox 270 2332 406 2370; x_wconf 89' lang='lat' dir='ltr'><strong>anno</strong></span> <span class='ocrx_word' id='word_1_103' title='bbox 430 2317 575 2370; x_wconf 87' lang='lat' dir='ltr'><strong>urbis</strong></span> <span class='ocrx_word' id='word_1_104' title='bbox 599 2333 873 2374; x_wconf 72' lang='lat' dir='ltr'><strong>nccxnvn.</strong></span> <span class='ocrx_word' id='word_1_105' title='bbox 899 2320 1157 2375; x_wconf 77' lang='lat' dir='ltr'><strong>convenit.</strong></span> <span class='ocrx_word' id='word_1_106' title='bbox 1200 2320 1276 2374; x_wconf 84' lang='lat' dir='ltr'><strong>Ac</strong></span> <span class='ocrx_word' id='word_1_107' title='bbox 1299 2319 1502 2374; x_wconf 77' lang='lat' dir='ltr'><strong>videtur</strong></span> <span class='ocrx_word' id='word_1_108' title='bbox 1523 2336 1595 2373; x_wconf 83' lang='lat' dir='ltr'><strong>ex</strong></span> <span class='ocrx_word' id='word_1_109' title='bbox 1617 2336 1679 2373; x_wconf 88' lang='lat' dir='ltr'><strong>eo</strong></span> <span class='ocrx_word' id='word_1_110' title='bbox 1703 2325 1858 2373; x_wconf 86' lang='lat' dir='ltr'><strong>natus</strong></span> <span class='ocrx_word' id='word_1_111' title='bbox 1881 2334 2020 2372; x_wconf 90' lang='lat' dir='ltr'><strong>error</strong></span> <span class='ocrx_word' id='word_1_112' title='bbox 2043 2319 2182 2390; x_wconf 87' lang='lat' dir='ltr'><strong>quod</strong></span> <span class='ocrx_word' id='word_1_113' title='bbox 2207 2319 2335 2373; x_wconf 88' lang='lat' dir='ltr'><strong>alter</strong></span> <span class='ocrx_word' id='word_1_114' title='bbox 2360 2319 2592 2373; x_wconf 85' lang='lat' dir='ltr'><strong>eiusdem</strong></span> 
     </span>
     <span class='ocr_line' id='line_1_15' title="bbox 268 2401 2590 2474; baseline 0.002 -18"><span class='ocrx_word' id='word_1_115' title='bbox 268 2403 494 2457; x_wconf 89' lang='lat' dir='ltr'><strong>nominis</strong></span> <span class='ocrx_word' id='word_1_116' title='bbox 516 2402 576 2456; x_wconf 88' lang='lat' dir='ltr'><strong>L.</strong></span> <span class='ocrx_word' id='word_1_117' title='bbox 600 2401 909 2474; x_wconf 72' lang='lat' dir='ltr'><strong>Calpurnius</strong></span> <span class='ocrx_word' id='word_1_118' title='bbox 930 2404 1051 2458; x_wconf 89' lang='lat' dir='ltr'><strong>Piso</strong></span> <span class='ocrx_word' id='word_1_119' title='bbox 1077 2404 1398 2460; x_wconf 71' lang='lat' dir='ltr'><strong>Caesoninus</strong></span> <span class='ocrx_word' id='word_1_120' title='bbox 1421 2422 1558 2459; x_wconf 88' lang='lat' dir='ltr'><strong>anno</strong></span> <span class='ocrx_word' id='word_1_121' title='bbox 1584 2404 1645 2460; x_wconf 92' lang='lat' dir='ltr'><strong>U.</strong></span> <span class='ocrx_word' id='word_1_122' title='bbox 1671 2403 1728 2459; x_wconf 87' lang='lat' dir='ltr'><strong>C.</strong></span> <span class='ocrx_word' id='word_1_123' title='bbox 1752 2419 2043 2460; x_wconf 78' lang='lat' dir='ltr'><strong>nccxxxu.</strong></span> <span class='ocrx_word' id='word_1_124' title='bbox 2069 2401 2238 2458; x_wconf 82' lang='lat' dir='ltr'><strong>fuerit.</strong></span> <span class='ocrx_word' id='word_1_125' title='bbox 2297 2405 2400 2459; x_wconf 87' lang='lat' dir='ltr'><strong>Sed</strong></span> <span class='ocrx_word' id='word_1_126' title='bbox 2420 2405 2508 2458; x_wconf 89' lang='lat' dir='ltr'><strong>ille</strong></span> <span class='ocrx_word' id='word_1_127' title='bbox 2531 2404 2590 2460; x_wconf 88' lang='lat' dir='ltr'><strong>L.</strong></span> 
     </span>
     <span class='ocr_line' id='line_1_16' title="bbox 266 2487 1282 2555; baseline 0.004 -12"><span class='ocrx_word' id='word_1_128' title='bbox 266 2488 406 2543; x_wconf 82' lang='lat' dir='ltr'><strong>filius</strong></span> <span class='ocrx_word' id='word_1_129' title='bbox 418 2529 433 2555; x_wconf 89' lang='lat'><strong>,</strong></span> <span class='ocrx_word' id='word_1_130' title='bbox 456 2495 633 2544; x_wconf 85' lang='lat' dir='ltr'><strong>noster</strong></span> <span class='ocrx_word' id='word_1_131' title='bbox 652 2487 738 2543; x_wconf 86' lang='lat' dir='ltr'><strong>hic</strong></span> <span class='ocrx_word' id='word_1_132' title='bbox 754 2506 875 2544; x_wconf 78' lang='lat' dir='ltr'><strong>vero</strong></span> <span class='ocrx_word' id='word_1_133' title='bbox 900 2490 1061 2544; x_wconf 89' lang='lat' dir='ltr'><strong>Gnaei</strong></span> <span class='ocrx_word' id='word_1_134' title='bbox 1082 2491 1282 2548; x_wconf 89' lang='lat' dir='ltr'><strong>dicitur.</strong></span> 
     </span>
    </p>
   </div>
   <div class='ocr_carea' id='block_1_6' title="bbox 399 2551 2642 2650">
    <p class='ocr_par' dir='ltr' id='par_1_11' title="bbox 399 2551 2642 2650">
     <span class='ocr_line' id='line_1_17' title="bbox 399 2551 2642 2650; baseline 0.001 -20"><span class='ocrx_word' id='word_1_135' title='bbox 399 2576 463 2630; x_wconf 90' lang='grc' dir='ltr'><strong>1η</strong></span> <span class='ocrx_word' id='word_1_136' title='bbox 494 2593 584 2632; x_wconf 84' lang='lat' dir='ltr'><strong>vn.</strong></span> <span class='ocrx_word' id='word_1_137' title='bbox 618 2577 892 2631; x_wconf 71' lang='lat' dir='ltr'><strong>consulatu</strong></span> <span class='ocrx_word' id='word_1_138' title='bbox 920 2592 1192 2648; x_wconf 84' lang='lat' dir='ltr'><strong>perperam</strong></span> <span class='ocrx_word' id='word_1_139' title='bbox 1222 2578 1362 2650; x_wconf 84' lang='lat' dir='ltr'><strong>apud</strong></span> <span class='ocrx_word' id='word_1_140' title='bbox 1393 2576 1747 2650; x_wconf 78' lang='lat' dir='ltr'><strong>Epiphaniam</strong></span> <span class='ocrx_word' id='word_1_141' title='bbox 1774 2576 1830 2633; x_wconf 92' lang='lat' dir='ltr'><strong>L.</strong></span> <span class='ocrx_word' id='word_1_142' title='bbox 1866 2575 2051 2632; x_wconf 87' lang='lat' dir='ltr'><strong>Caesar</strong></span> <span class='ocrx_word' id='word_1_143' title='bbox 2085 2551 2177 2648; x_wconf 54' lang='lat' dir='ltr'><strong>pro</strong></span> <span class='ocrx_word' id='word_1_144' title='bbox 2207 2575 2330 2631; x_wconf 87' lang='lat' dir='ltr'><strong>Caio</strong></span> <span class='ocrx_word' id='word_1_145' title='bbox 2362 2577 2594 2648; x_wconf 84' lang='lat' dir='ltr'><strong>positum</strong></span> <span class='ocrx_word' id='word_1_146' title='bbox 2637 2573 2642 2582; x_wconf 82' lang='grc'><strong><em>’</em></strong></span> 
     </span>
    </p>
   </div>
   <div class='ocr_carea' id='block_1_7' title="bbox 253 2661 2596 4707">
    <p class='ocr_par' dir='ltr' id='par_1_12' title="bbox 267 2661 2592 2803">
     <span class='ocr_line' id='line_1_18' title="bbox 269 2661 2592 2736; baseline 0 -19"><span class='ocrx_word' id='word_1_147' title='bbox 269 2668 363 2718; x_wconf 82' lang='lat' dir='ltr'><strong>est.</strong></span> <span class='ocrx_word' id='word_1_148' title='bbox 408 2661 541 2717; x_wconf 82' lang='lat' dir='ltr'><strong>Nam</strong></span> <span class='ocrx_word' id='word_1_149' title='bbox 564 2662 757 2717; x_wconf 87' lang='lat' dir='ltr'><strong>Lucius</strong></span> <span class='ocrx_word' id='word_1_150' title='bbox 780 2662 892 2717; x_wconf 87' lang='lat' dir='ltr'><strong>eius</strong></span> <span class='ocrx_word' id='word_1_151' title='bbox 914 2663 1073 2718; x_wconf 77' lang='lat' dir='ltr'><strong>frater</strong></span> <span class='ocrx_word' id='word_1_152' title='bbox 1095 2680 1202 2719; x_wconf 89' lang='lat' dir='ltr'><strong>cos.</strong></span> <span class='ocrx_word' id='word_1_153' title='bbox 1227 2665 1557 2736; x_wconf 85' lang='lat' dir='ltr'><strong>designatus,</strong></span> <span class='ocrx_word' id='word_1_154' title='bbox 1588 2670 1870 2734; x_wconf 87' lang='lat' dir='ltr'><strong>antequam</strong></span> <span class='ocrx_word' id='word_1_155' title='bbox 1898 2664 2262 2734; x_wconf 81' lang='lat' dir='ltr'><strong>magistratum</strong></span> <span class='ocrx_word' id='word_1_156' title='bbox 2289 2663 2468 2728; x_wconf 82' lang='lat' dir='ltr'><strong>iniret,</strong></span> <span class='ocrx_word' id='word_1_157' title='bbox 2503 2681 2592 2717; x_wconf 81' lang='lat' dir='ltr'><strong>ex·</strong></span> 
     </span>
     <span class='ocr_line' id='line_1_19' title="bbox 267 2749 579 2803; baseline -0.003 0"><span class='ocrx_word' id='word_1_158' title='bbox 267 2749 459 2803; x_wconf 80' lang='lat' dir='ltr'><strong>tinctus</strong></span> <span class='ocrx_word' id='word_1_159' title='bbox 484 2755 579 2803; x_wconf 88' lang='lat' dir='ltr'><strong>est.</strong></span> 
     </span>
    </p>

    <p class='ocr_par' dir='ltr' id='par_1_13' title="bbox 268 2834 2592 3078">
     <span class='ocr_line' id='line_1_20' title="bbox 399 2834 2592 2906; baseline -0.001 -18"><span class='ocrx_word' id='word_1_160' title='bbox 399 2835 463 2888; x_wconf 90' lang='lat' dir='ltr'><strong>In</strong></span> <span class='ocrx_word' id='word_1_161' title='bbox 486 2852 539 2890; x_wconf 69' lang='grc' dir='ltr'><strong>ι.</strong></span> <span class='ocrx_word' id='word_1_162' title='bbox 562 2834 709 2888; x_wconf 82' lang='lat' dir='ltr'><strong>Fasti</strong></span> <span class='ocrx_word' id='word_1_163' title='bbox 730 2834 893 2889; x_wconf 88' lang='lat' dir='ltr'><strong>Siculi</strong></span> <span class='ocrx_word' id='word_1_164' title='bbox 915 2841 969 2889; x_wconf 88' lang='lat' dir='ltr'><strong>et</strong></span> <span class='ocrx_word' id='word_1_165' title='bbox 988 2834 1310 2906; x_wconf 85' lang='lat' dir='ltr'><strong>Epiphanius</strong></span> <span class='ocrx_word' id='word_1_166' title='bbox 1333 2835 1542 2889; x_wconf 83' lang='lat' dir='ltr'><strong>Aelium</strong></span> <span class='ocrx_word' id='word_1_167' title='bbox 1566 2834 1755 2889; x_wconf 87' lang='lat' dir='ltr'><strong>Catum</strong></span> <span class='ocrx_word' id='word_1_168' title='bbox 1778 2840 1830 2887; x_wconf 90' lang='lat' dir='ltr'><strong>et</strong></span> <span class='ocrx_word' id='word_1_169' title='bbox 1847 2834 2187 2888; x_wconf 86' lang='lat' dir='ltr'><strong>Saturninum</strong></span> <span class='ocrx_word' id='word_1_170' title='bbox 2203 2835 2592 2903; x_wconf 85' lang='lat' dir='ltr'><strong>praeterierunt.</strong></span> 
     </span>
     <span class='ocr_line' id='line_1_21' title="bbox 270 2919 2592 2993; baseline 0 -19"><span class='ocrx_word' id='word_1_171' title='bbox 270 2919 372 2974; x_wconf 85' lang='lat' dir='ltr'><strong>Sed</strong></span> <span class='ocrx_word' id='word_1_172' title='bbox 403 2925 458 2975; x_wconf 90' lang='lat' dir='ltr'><strong>et</strong></span> <span class='ocrx_word' id='word_1_173' title='bbox 490 2920 681 2975; x_wconf 73' lang='lat' dir='ltr'><strong>frustra</strong></span> <span class='ocrx_word' id='word_1_174' title='bbox 714 2920 851 2991; x_wconf 90' lang='lat' dir='ltr'><strong>apud</strong></span> <span class='ocrx_word' id='word_1_175' title='bbox 883 2920 1230 2993; x_wconf 77' lang='lat' dir='ltr'><strong>Epiphaniam</strong></span> <span class='ocrx_word' id='word_1_176' title='bbox 1260 2922 1487 2991; x_wconf 76' lang='lat' dir='ltr'><strong>Magnus</strong></span> <span class='ocrx_word' id='word_1_177' title='bbox 1528 2921 1805 2991; x_wconf 88' lang='lat' dir='ltr'><strong>Pompeius</strong></span> <span class='ocrx_word' id='word_1_178' title='bbox 1847 2937 1965 2974; x_wconf 87' lang='lat' dir='ltr'><strong>cum</strong></span> <span class='ocrx_word' id='word_1_179' title='bbox 2003 2919 2209 2972; x_wconf 85' lang='lat' dir='ltr'><strong>Valerio</strong></span> <span class='ocrx_word' id='word_1_180' title='bbox 2250 2920 2592 2990; x_wconf 85' lang='lat' dir='ltr'><strong>componitur.</strong></span> 
     </span>
     <span class='ocr_line' id='line_1_22' title="bbox 268 3004 1534 3078; baseline 0.001 -18"><span class='ocrx_word' id='word_1_181' title='bbox 268 3006 386 3061; x_wconf 83' lang='lat' dir='ltr'><strong>Fuit</strong></span> <span class='ocrx_word' id='word_1_182' title='bbox 407 3008 551 3061; x_wconf 81' lang='lat' dir='ltr'><strong>euim</strong></span> <span class='ocrx_word' id='word_1_183' title='bbox 572 3007 619 3060; x_wconf 86' lang='lat' dir='ltr'><strong>is</strong></span> <span class='ocrx_word' id='word_1_184' title='bbox 644 3004 811 3061; x_wconf 84' lang='lat' dir='ltr'><strong>Cinna</strong></span> <span class='ocrx_word' id='word_1_185' title='bbox 832 3007 1086 3078; x_wconf 71' lang='lat' dir='ltr'><strong>Magnus,</strong></span> <span class='ocrx_word' id='word_1_186' title='bbox 1108 3024 1216 3061; x_wconf 91' lang='lat' dir='ltr'><strong>non</strong></span> <span class='ocrx_word' id='word_1_187' title='bbox 1237 3007 1534 3078; x_wconf 87' lang='lat' dir='ltr'><strong>Pompeius.</strong></span> 
     </span>
    </p>

    <p class='ocr_par' dir='ltr' id='par_1_14' title="bbox 268 3090 2594 3421">
     <span class='ocr_line' id='line_1_23' title="bbox 400 3090 2594 3163; baseline 0 -17"><span class='ocrx_word' id='word_1_188' title='bbox 400 3092 463 3146; x_wconf 88' lang='lat' dir='ltr'><strong>In</strong></span> <span class='ocrx_word' id='word_1_189' title='bbox 498 3110 592 3147; x_wconf 84' lang='lat' dir='ltr'><strong>xn.</strong></span> <span class='ocrx_word' id='word_1_190' title='bbox 614 3092 798 3146; x_wconf 80' lang='lat' dir='ltr'><strong>vitium</strong></span> <span class='ocrx_word' id='word_1_191' title='bbox 831 3093 1037 3163; x_wconf 84' lang='lat' dir='ltr'><strong>irrepsit</strong></span> <span class='ocrx_word' id='word_1_192' title='bbox 1066 3094 1258 3163; x_wconf 85' lang='lat' dir='ltr'><strong>partim</strong></span> <span class='ocrx_word' id='word_1_193' title='bbox 1290 3111 1360 3146; x_wconf 83' lang='lat' dir='ltr'><strong>ex</strong></span> <span class='ocrx_word' id='word_1_194' title='bbox 1390 3091 1609 3147; x_wconf 78' lang='lat' dir='ltr'><strong>suffecto</strong></span> <span class='ocrx_word' id='word_1_195' title='bbox 1644 3109 1749 3147; x_wconf 86' lang='lat' dir='ltr'><strong>cos.</strong></span> <span class='ocrx_word' id='word_1_196' title='bbox 1781 3091 1953 3146; x_wconf 85' lang='lat' dir='ltr'><strong>Atteio</strong></span> <span class='ocrx_word' id='word_1_197' title='bbox 1987 3090 2260 3162; x_wconf 74' lang='lat' dir='ltr'><strong>Capitone,</strong></span> <span class='ocrx_word' id='word_1_198' title='bbox 2302 3092 2492 3162; x_wconf 87' lang='lat' dir='ltr'><strong>partim</strong></span> <span class='ocrx_word' id='word_1_199' title='bbox 2525 3109 2594 3146; x_wconf 82' lang='lat' dir='ltr'><strong>ex</strong></span> 
     </span>
     <span class='ocr_line' id='line_1_24' title="bbox 270 3176 2594 3235; baseline -0 -3"><span class='ocrx_word' id='word_1_200' title='bbox 270 3179 546 3233; x_wconf 84' lang='lat' dir='ltr'><strong>consulatu</strong></span> <span class='ocrx_word' id='word_1_201' title='bbox 564 3196 677 3235; x_wconf 79' lang='lat'><strong>111.</strong></span> <span class='ocrx_word' id='word_1_202' title='bbox 738 3176 869 3231; x_wconf 87' lang='lat' dir='ltr'><strong>Cum</strong></span> <span class='ocrx_word' id='word_1_203' title='bbox 901 3178 1042 3233; x_wconf 85' lang='lat' dir='ltr'><strong>cuim</strong></span> <span class='ocrx_word' id='word_1_204' title='bbox 1070 3195 1206 3233; x_wconf 88' lang='lat' dir='ltr'><strong>anno</strong></span> <span class='ocrx_word' id='word_1_205' title='bbox 1240 3177 1394 3233; x_wconf 80' lang='lat' dir='ltr'><strong>Urbis</strong></span> <span class='ocrx_word' id='word_1_206' title='bbox 1418 3194 1690 3234; x_wconf 76' lang='lat' dir='ltr'><strong>uocum.</strong></span> <span class='ocrx_word' id='word_1_207' title='bbox 1716 3194 1848 3233; x_wconf 87' lang='lat' dir='ltr'><strong>coss.</strong></span> <span class='ocrx_word' id='word_1_208' title='bbox 1879 3178 2091 3233; x_wconf 82' lang='lat' dir='ltr'><strong>fuerunt</strong></span> <span class='ocrx_word' id='word_1_209' title='bbox 2112 3177 2347 3231; x_wconf 85' lang='lat' dir='ltr'><strong>Tiberius</strong></span> <span class='ocrx_word' id='word_1_210' title='bbox 2381 3196 2438 3232; x_wconf 80' lang='lat' dir='ltr'><strong>n.</strong></span> <span class='ocrx_word' id='word_1_211' title='bbox 2465 3184 2517 3235; x_wconf 76' lang='lat' dir='ltr'><strong>et</strong></span> <span class='ocrx_word' id='word_1_212' title='bbox 2538 3177 2594 3231; x_wconf 89' lang='lat' dir='ltr'><strong>C.</strong></span> 
     </span>
     <span class='ocr_line' id='line_1_25' title="bbox 268 3262 2594 3335; baseline -0 -17"><span class='ocrx_word' id='word_1_213' title='bbox 268 3262 514 3318; x_wconf 75' lang='lat' dir='ltr'><strong>Fonteius</strong></span> <span class='ocrx_word' id='word_1_214' title='bbox 540 3262 749 3333; x_wconf 86' lang='lat' dir='ltr'><strong>Capito,</strong></span> <span class='ocrx_word' id='word_1_215' title='bbox 779 3280 916 3318; x_wconf 89' lang='lat' dir='ltr'><strong>anuo</strong></span> <span class='ocrx_word' id='word_1_216' title='bbox 941 3281 1060 3319; x_wconf 85' lang='lat' dir='ltr'><strong>vero</strong></span> <span class='ocrx_word' id='word_1_217' title='bbox 1085 3280 1302 3319; x_wconf 78' lang='lat' dir='ltr'><strong>nccux.</strong></span> <span class='ocrx_word' id='word_1_218' title='bbox 1334 3263 1583 3319; x_wconf 81' lang='lat' dir='ltr'><strong>suffectus</strong></span> <span class='ocrx_word' id='word_1_219' title='bbox 1615 3265 1773 3319; x_wconf 77' lang='lat' dir='ltr'><strong>fuerit</strong></span> <span class='ocrx_word' id='word_1_220' title='bbox 1802 3265 2012 3335; x_wconf 85' lang='lat' dir='ltr'><strong>Capito,</strong></span> <span class='ocrx_word' id='word_1_221' title='bbox 2046 3264 2137 3335; x_wconf 87' lang='lat' dir='ltr'><strong>qui</strong></span> <span class='ocrx_word' id='word_1_222' title='bbox 2156 3262 2198 3317; x_wconf 90' lang='lat' dir='ltr'><strong>F</strong></span> <span class='ocrx_word' id='word_1_223' title='bbox 2200 3268 2341 3317; x_wconf 87' lang='lat' dir='ltr'><strong>astos</strong></span> <span class='ocrx_word' id='word_1_224' title='bbox 2369 3263 2594 3317; x_wconf 84' lang='lat' dir='ltr'><strong>Graecos</strong></span> 
     </span>
     <span class='ocr_line' id='line_1_26' title="bbox 269 3347 2592 3421; baseline -0.001 -16"><span class='ocrx_word' id='word_1_225' title='bbox 269 3349 632 3413; x_wconf 83' lang='lat' dir='ltr'><strong>condiderunt,</strong></span> <span class='ocrx_word' id='word_1_226' title='bbox 657 3347 962 3419; x_wconf 73' lang='lat' dir='ltr'><strong>Capitonem</strong></span> <span class='ocrx_word' id='word_1_227' title='bbox 985 3366 1078 3420; x_wconf 88' lang='lat' dir='ltr'><strong>pro</strong></span> <span class='ocrx_word' id='word_1_228' title='bbox 1103 3350 1361 3405; x_wconf 87' lang='lat' dir='ltr'><strong>ordinario</strong></span> <span class='ocrx_word' id='word_1_229' title='bbox 1385 3361 1720 3406; x_wconf 74' lang='lat' dir='ltr'><strong>numerantes</strong></span> <span class='ocrx_word' id='word_1_230' title='bbox 1744 3368 1862 3405; x_wconf 92' lang='lat' dir='ltr'><strong>cum</strong></span> <span class='ocrx_word' id='word_1_231' title='bbox 1885 3351 2000 3405; x_wconf 90' lang='lat' dir='ltr'><strong>Tib.</strong></span> <span class='ocrx_word' id='word_1_232' title='bbox 2027 3349 2248 3405; x_wconf 78' lang='lat' dir='ltr'><strong>Caesare</strong></span> <span class='ocrx_word' id='word_1_233' title='bbox 2269 3351 2592 3421; x_wconf 86' lang='lat' dir='ltr'><strong>copularunt.</strong></span> 
     </span>
    </p>

    <p class='ocr_par' dir='ltr' id='par_1_15' title="bbox 253 3434 2594 4091">
     <span class='ocr_line' id='line_1_27' title="bbox 399 3434 2594 3507; baseline -0 -18"><span class='ocrx_word' id='word_1_234' title='bbox 399 3436 460 3489; x_wconf 88' lang='lat' dir='ltr'><strong>In</strong></span> <span class='ocrx_word' id='word_1_235' title='bbox 472 3452 583 3489; x_wconf 80' lang='lat' dir='ltr'><strong>xxx.</strong></span> <span class='ocrx_word' id='word_1_236' title='bbox 600 3435 874 3489; x_wconf 75' lang='lat' dir='ltr'><strong>consulatu</strong></span> <span class='ocrx_word' id='word_1_237' title='bbox 884 3434 1031 3489; x_wconf 84' lang='lat' dir='ltr'><strong>Fasti</strong></span> <span class='ocrx_word' id='word_1_238' title='bbox 1045 3434 1209 3491; x_wconf 87' lang='lat' dir='ltr'><strong>Siculi</strong></span> <span class='ocrx_word' id='word_1_239' title='bbox 1217 3436 1485 3491; x_wconf 81' lang='lat' dir='ltr'><strong>Tiberium</strong></span> <span class='ocrx_word' id='word_1_240' title='bbox 1494 3437 1768 3493; x_wconf 87' lang='lat' dir='ltr'><strong>Caesarem</strong></span> <span class='ocrx_word' id='word_1_241' title='bbox 1786 3456 1845 3492; x_wconf 88' lang='lat'><strong>11.</strong></span> <span class='ocrx_word' id='word_1_242' title='bbox 1863 3444 1916 3491; x_wconf 91' lang='lat' dir='ltr'><strong>et</strong></span> <span class='ocrx_word' id='word_1_243' title='bbox 1933 3436 2233 3507; x_wconf 83' lang='lat' dir='ltr'><strong>Scipionem</strong></span> <span class='ocrx_word' id='word_1_244' title='bbox 2250 3436 2594 3499; x_wconf 88' lang='lat' dir='ltr'><strong>committunt,</strong></span> 
     </span>
     <span class='ocr_line' id='line_1_28' title="bbox 268 3520 2593 3594; baseline -0.001 -18"><span class='ocrx_word' id='word_1_245' title='bbox 268 3521 587 3594; x_wconf 80' lang='lat' dir='ltr'><strong>Epiphanius</strong></span> <span class='ocrx_word' id='word_1_246' title='bbox 609 3520 857 3575; x_wconf 83' lang='lat' dir='ltr'><strong>Flaccum</strong></span> <span class='ocrx_word' id='word_1_247' title='bbox 887 3527 941 3574; x_wconf 87' lang='lat' dir='ltr'><strong>et</strong></span> <span class='ocrx_word' id='word_1_248' title='bbox 966 3520 1228 3591; x_wconf 87' lang='lat' dir='ltr'><strong>Silanum,</strong></span> <span class='ocrx_word' id='word_1_249' title='bbox 1264 3524 1355 3593; x_wconf 86' lang='lat' dir='ltr'><strong>qui</strong></span> <span class='ocrx_word' id='word_1_250' title='bbox 1388 3539 1503 3578; x_wconf 86' lang='lat' dir='ltr'><strong>esse</strong></span> <span class='ocrx_word' id='word_1_251' title='bbox 1534 3524 1717 3578; x_wconf 80' lang='lat' dir='ltr'><strong>debuit</strong></span> <span class='ocrx_word' id='word_1_252' title='bbox 1748 3524 2048 3577; x_wconf 87' lang='lat' dir='ltr'><strong>consulatus</strong></span> <span class='ocrx_word' id='word_1_253' title='bbox 2073 3541 2243 3587; x_wconf 62' lang='lat' dir='ltr'><strong>xxvi„</strong></span> <span class='ocrx_word' id='word_1_254' title='bbox 2279 3538 2414 3575; x_wconf 89' lang='lat' dir='ltr'><strong>anno</strong></span> <span class='ocrx_word' id='word_1_255' title='bbox 2441 3520 2593 3574; x_wconf 83' lang='lat' dir='ltr'><strong>Urbis</strong></span> 
     </span>
     <span class='ocr_line' id='line_1_29' title="bbox 253 3605 2592 3680; baseline -0.002 -17"><span class='ocrx_word' id='word_1_256' title='bbox 253 3624 543 3671; x_wconf 69' lang='lat' dir='ltr'><strong>‚nocuum</strong></span> <span class='ocrx_word' id='word_1_257' title='bbox 588 3607 732 3660; x_wconf 88' lang='lat' dir='ltr'><strong>Idem</strong></span> <span class='ocrx_word' id='word_1_258' title='bbox 755 3605 1072 3678; x_wconf 80' lang='lat' dir='ltr'><strong>Epiphanius</strong></span> <span class='ocrx_word' id='word_1_259' title='bbox 1096 3607 1376 3662; x_wconf 82' lang='lat' dir='ltr'><strong>Sextorum</strong></span> <span class='ocrx_word' id='word_1_260' title='bbox 1406 3608 1628 3664; x_wconf 87' lang='lat' dir='ltr'><strong>duorum</strong></span> <span class='ocrx_word' id='word_1_261' title='bbox 1659 3610 1936 3680; x_wconf 82' lang='lat' dir='ltr'><strong>collegium</strong></span> <span class='ocrx_word' id='word_1_262' title='bbox 1972 3614 2299 3662; x_wconf 84' lang='lat' dir='ltr'><strong>antevertens</strong></span> <span class='ocrx_word' id='word_1_263' title='bbox 2331 3612 2592 3677; x_wconf 83' lang='lat' dir='ltr'><strong>expuncto</strong></span> 
     </span>
     <span class='ocr_line' id='line_1_30' title="bbox 270 3692 2593 3764; baseline -0.003 -15"><span class='ocrx_word' id='word_1_264' title='bbox 270 3693 383 3749; x_wconf 86' lang='lat' dir='ltr'><strong>Silii</strong></span> <span class='ocrx_word' id='word_1_265' title='bbox 402 3700 459 3747; x_wconf 89' lang='lat' dir='ltr'><strong>et</strong></span> <span class='ocrx_word' id='word_1_266' title='bbox 477 3692 657 3746; x_wconf 86' lang='lat' dir='ltr'><strong>Planci</strong></span> <span class='ocrx_word' id='word_1_267' title='bbox 688 3694 962 3746; x_wconf 83' lang='lat' dir='ltr'><strong>consulatu</strong></span> <span class='ocrx_word' id='word_1_268' title='bbox 994 3693 1251 3746; x_wconf 87' lang='lat' dir='ltr'><strong>decimum</strong></span> <span class='ocrx_word' id='word_1_269' title='bbox 1283 3695 1524 3764; x_wconf 87' lang='lat' dir='ltr'><strong>quintum</strong></span> <span class='ocrx_word' id='word_1_270' title='bbox 1552 3711 1587 3748; x_wconf 87' lang='lat' dir='ltr'><strong>a</strong></span> <span class='ocrx_word' id='word_1_271' title='bbox 1617 3712 1751 3749; x_wconf 84' lang='lat' dir='ltr'><strong>coss.</strong></span> <span class='ocrx_word' id='word_1_272' title='bbox 1776 3696 2013 3764; x_wconf 81' lang='lat' dir='ltr'><strong>Augusto</strong></span> <span class='ocrx_word' id='word_1_273' title='bbox 2039 3713 2155 3749; x_wconf 78' lang='lat' dir='ltr'><strong>xm.</strong></span> <span class='ocrx_word' id='word_1_274' title='bbox 2182 3699 2234 3746; x_wconf 88' lang='lat' dir='ltr'><strong>et</strong></span> <span class='ocrx_word' id='word_1_275' title='bbox 2256 3692 2433 3746; x_wconf 87' lang='lat' dir='ltr'><strong>Silano</strong></span> <span class='ocrx_word' id='word_1_276' title='bbox 2459 3708 2593 3744; x_wconf 84' lang='lat' dir='ltr'><strong>coss.</strong></span> 
     </span>
     <span class='ocr_line' id='line_1_31' title="bbox 270 3777 2594 3851; baseline -0.003 -17"><span class='ocrx_word' id='word_1_277' title='bbox 270 3782 415 3851; x_wconf 91' lang='lat' dir='ltr'><strong>ponit</strong></span> <span class='ocrx_word' id='word_1_278' title='bbox 436 3779 769 3833; x_wconf 83' lang='lat' dir='ltr'><strong>consulatum</strong></span> <span class='ocrx_word' id='word_1_279' title='bbox 790 3778 963 3844; x_wconf 89' lang='lat' dir='ltr'><strong>illum,</strong></span> <span class='ocrx_word' id='word_1_280' title='bbox 996 3794 1117 3832; x_wconf 90' lang='lat' dir='ltr'><strong>cnm</strong></span> <span class='ocrx_word' id='word_1_281' title='bbox 1141 3797 1246 3834; x_wconf 70' lang='lat' dir='ltr'><strong>xvi.</strong></span> <span class='ocrx_word' id='word_1_282' title='bbox 1270 3796 1385 3835; x_wconf 79' lang='lat' dir='ltr'><strong>esse</strong></span> <span class='ocrx_word' id='word_1_283' title='bbox 1408 3779 1656 3834; x_wconf 88' lang='lat' dir='ltr'><strong>debuerit.</strong></span> <span class='ocrx_word' id='word_1_284' title='bbox 1703 3780 1838 3833; x_wconf 86' lang='lat' dir='ltr'><strong>Tum</strong></span> <span class='ocrx_word' id='word_1_285' title='bbox 1862 3798 1967 3835; x_wconf 73' lang='lat' dir='ltr'><strong>xvi.</strong></span> <span class='ocrx_word' id='word_1_286' title='bbox 1989 3780 2119 3833; x_wconf 76' lang='lat' dir='ltr'><strong>facit</strong></span> <span class='ocrx_word' id='word_1_287' title='bbox 2147 3779 2450 3849; x_wconf 88' lang='lat' dir='ltr'><strong>Pompeium</strong></span> <span class='ocrx_word' id='word_1_288' title='bbox 2481 3777 2594 3829; x_wconf 83' lang='lat' dir='ltr'><strong>Ma·</strong></span> 
     </span>
     <span class='ocr_line' id='line_1_32' title="bbox 272 3862 2594 3937; baseline -0.003 -16"><span class='ocrx_word' id='word_1_289' title='bbox 272 3881 431 3936; x_wconf 79' lang='lat' dir='ltr'><strong>gnum</strong></span> <span class='ocrx_word' id='word_1_290' title='bbox 468 3870 521 3919; x_wconf 89' lang='lat' dir='ltr'><strong>et</strong></span> <span class='ocrx_word' id='word_1_291' title='bbox 542 3863 845 3934; x_wconf 85' lang='lat' dir='ltr'><strong>Apuleium,</strong></span> <span class='ocrx_word' id='word_1_292' title='bbox 876 3864 966 3933; x_wconf 88' lang='lat' dir='ltr'><strong>qui</strong></span> <span class='ocrx_word' id='word_1_293' title='bbox 1000 3880 1120 3918; x_wconf 90' lang='lat' dir='ltr'><strong>cum</strong></span> <span class='ocrx_word' id='word_1_294' title='bbox 1150 3865 1503 3937; x_wconf 83' lang='lat' dir='ltr'><strong>superioribus</strong></span> <span class='ocrx_word' id='word_1_295' title='bbox 1534 3864 1690 3918; x_wconf 89' lang='lat' dir='ltr'><strong>iidem</strong></span> <span class='ocrx_word' id='word_1_296' title='bbox 1722 3882 1835 3918; x_wconf 83' lang='lat' dir='ltr'><strong>csse</strong></span> <span class='ocrx_word' id='word_1_297' title='bbox 1857 3865 2112 3919; x_wconf 81' lang='lat' dir='ltr'><strong>videntur.</strong></span> <span class='ocrx_word' id='word_1_298' title='bbox 2161 3863 2296 3918; x_wconf 84' lang='lat' dir='ltr'><strong>Nam</strong></span> <span class='ocrx_word' id='word_1_299' title='bbox 2328 3881 2356 3916; x_wconf 93' lang='lat' dir='ltr'><strong>e</strong></span> <span class='ocrx_word' id='word_1_300' title='bbox 2392 3862 2594 3916; x_wconf 84' lang='lat' dir='ltr'><strong>duobus</strong></span> 
     </span>
     <span class='ocr_line' id='line_1_33' title="bbox 271 3946 2593 4021; baseline -0.003 -16"><span class='ocrx_word' id='word_1_301' title='bbox 271 3950 446 4005; x_wconf 84' lang='lat' dir='ltr'><strong>Sextis</strong></span> <span class='ocrx_word' id='word_1_302' title='bbox 476 3951 606 4003; x_wconf 86' lang='lat' dir='ltr'><strong>alter</strong></span> <span class='ocrx_word' id='word_1_303' title='bbox 626 3947 906 4019; x_wconf 79' lang='lat' dir='ltr'><strong>Pompeius</strong></span> <span class='ocrx_word' id='word_1_304' title='bbox 928 3948 1130 4020; x_wconf 84' lang='lat' dir='ltr'><strong>Nepos,</strong></span> <span class='ocrx_word' id='word_1_305' title='bbox 1164 3950 1295 4004; x_wconf 81' lang='lat' dir='ltr'><strong>alter</strong></span> <span class='ocrx_word' id='word_1_306' title='bbox 1318 3951 1567 4021; x_wconf 87' lang='lat' dir='ltr'><strong>Apuleius</strong></span> <span class='ocrx_word' id='word_1_307' title='bbox 1588 3949 1762 4020; x_wconf 85' lang='lat' dir='ltr'><strong>Nepos</strong></span> <span class='ocrx_word' id='word_1_308' title='bbox 1795 3951 2083 4021; x_wconf 85' lang='lat' dir='ltr'><strong>appellatus</strong></span> <span class='ocrx_word' id='word_1_309' title='bbox 2116 3956 2211 4004; x_wconf 88' lang='lat' dir='ltr'><strong>est.</strong></span> <span class='ocrx_word' id='word_1_310' title='bbox 2276 3947 2424 4012; x_wconf 87' lang='lat' dir='ltr'><strong>Quod</strong></span> <span class='ocrx_word' id='word_1_311' title='bbox 2455 3946 2593 4000; x_wconf 87' lang='lat' dir='ltr'><strong>idem</strong></span> 
     </span>
     <span class='ocr_line' id='line_1_34' title="bbox 270 4033 1198 4091; baseline -0.001 0"><span class='ocrx_word' id='word_1_312' title='bbox 270 4036 452 4091; x_wconf 78' lang='lat' dir='ltr'><strong>vitium</strong></span> <span class='ocrx_word' id='word_1_313' title='bbox 474 4036 533 4089; x_wconf 87' lang='lat' dir='ltr'><strong>in</strong></span> <span class='ocrx_word' id='word_1_314' title='bbox 552 4034 723 4088; x_wconf 85' lang='lat' dir='ltr'><strong>Fastis</strong></span> <span class='ocrx_word' id='word_1_315' title='bbox 744 4033 935 4089; x_wconf 83' lang='lat' dir='ltr'><strong>Siculis</strong></span> <span class='ocrx_word' id='word_1_316' title='bbox 956 4035 1198 4091; x_wconf 86' lang='lat' dir='ltr'><strong>cernitur.</strong></span> 
     </span>
    </p>

    <p class='ocr_par' dir='ltr' id='par_1_16' title="bbox 402 4119 2257 4192">
     <span class='ocr_line' id='line_1_35' title="bbox 402 4119 2257 4192; baseline -0.003 -16"><span class='ocrx_word' id='word_1_317' title='bbox 402 4122 463 4175; x_wconf 89' lang='lat' dir='ltr'><strong>In</strong></span> <span class='ocrx_word' id='word_1_318' title='bbox 488 4136 619 4176; x_wconf 78' lang='lat' dir='ltr'><strong>xm.</strong></span> <span class='ocrx_word' id='word_1_319' title='bbox 642 4136 736 4190; x_wconf 88' lang='lat' dir='ltr'><strong>pro</strong></span> <span class='ocrx_word' id='word_1_320' title='bbox 762 4119 955 4173; x_wconf 69' lang='lat' dir='ltr'><strong>Brutus</strong></span> <span class='ocrx_word' id='word_1_321' title='bbox 976 4121 1116 4192; x_wconf 87' lang='lat' dir='ltr'><strong>apud</strong></span> <span class='ocrx_word' id='word_1_322' title='bbox 1136 4119 1320 4192; x_wconf 84' lang='lat' dir='ltr'><strong>Epiph.</strong></span> <span class='ocrx_word' id='word_1_323' title='bbox 1344 4127 1400 4174; x_wconf 88' lang='lat' dir='ltr'><strong>et</strong></span> <span class='ocrx_word' id='word_1_324' title='bbox 1418 4120 1622 4175; x_wconf 86' lang='lat' dir='ltr'><strong>Siculos</strong></span> <span class='ocrx_word' id='word_1_325' title='bbox 1644 4121 1828 4176; x_wconf 76' lang='lat' dir='ltr'><strong>Festos</strong></span> <span class='ocrx_word' id='word_1_326' title='bbox 1851 4122 2018 4175; x_wconf 83' lang='lat' dir='ltr'><strong>scribe</strong></span> <span class='ocrx_word' id='word_1_327' title='bbox 2042 4121 2257 4173; x_wconf 72' lang='grc' dir='ltr'><strong>Βνυειιε.</strong></span> 
     </span>
    </p>

    <p class='ocr_par' dir='ltr' id='par_1_17' title="bbox 271 4203 2596 4707">
     <span class='ocr_line' id='line_1_36' title="bbox 401 4203 2596 4277; baseline -0.002 -16"><span class='ocrx_word' id='word_1_328' title='bbox 401 4206 660 4277; x_wconf 79' lang='lat' dir='ltr'><strong>Deinceps</strong></span> <span class='ocrx_word' id='word_1_329' title='bbox 682 4221 849 4276; x_wconf 84' lang='lat' dir='ltr'><strong>usque</strong></span> <span class='ocrx_word' id='word_1_330' title='bbox 871 4205 938 4260; x_wconf 88' lang='lat' dir='ltr'><strong>ad</strong></span> <span class='ocrx_word' id='word_1_331' title='bbox 960 4223 1161 4261; x_wconf 79' lang='lat' dir='ltr'><strong>mvn.</strong></span> <span class='ocrx_word' id='word_1_332' title='bbox 1185 4208 1515 4263; x_wconf 81' lang='lat' dir='ltr'><strong>consulatum</strong></span> <span class='ocrx_word' id='word_1_333' title='bbox 1538 4206 1683 4260; x_wconf 86' lang='lat' dir='ltr'><strong>Fasti</strong></span> <span class='ocrx_word' id='word_1_334' title='bbox 1705 4207 1868 4261; x_wconf 88' lang='lat' dir='ltr'><strong>Siculi</strong></span> <span class='ocrx_word' id='word_1_335' title='bbox 1888 4223 1993 4259; x_wconf 89' lang='grc' dir='ltr'><strong>ηηο</strong></span> <span class='ocrx_word' id='word_1_336' title='bbox 2022 4221 2160 4258; x_wconf 85' lang='lat' dir='ltr'><strong>anno</strong></span> <span class='ocrx_word' id='word_1_337' title='bbox 2191 4203 2440 4257; x_wconf 80' lang='lat' dir='ltr'><strong>tardiores</strong></span> <span class='ocrx_word' id='word_1_338' title='bbox 2473 4208 2596 4257; x_wconf 87' lang='lat' dir='ltr'><strong>sunt</strong></span> 
     </span>
     <span class='ocr_line' id='line_1_37' title="bbox 273 4290 2592 4363; baseline -0.002 -16"><span class='ocrx_word' id='word_1_339' title='bbox 273 4308 427 4363; x_wconf 81' lang='lat' dir='ltr'><strong>quam</strong></span> <span class='ocrx_word' id='word_1_340' title='bbox 448 4290 771 4363; x_wconf 82' lang='lat' dir='ltr'><strong>Epiphanius</strong></span> <span class='ocrx_word' id='word_1_341' title='bbox 796 4296 850 4345; x_wconf 88' lang='lat' dir='ltr'><strong>et</strong></span> <span class='ocrx_word' id='word_1_342' title='bbox 871 4290 1165 4362; x_wconf 87' lang='lat' dir='ltr'><strong>Capitolini.</strong></span> <span class='ocrx_word' id='word_1_343' title='bbox 1209 4291 1345 4345; x_wconf 84' lang='lat' dir='ltr'><strong>Puta</strong></span> <span class='ocrx_word' id='word_1_344' title='bbox 1365 4292 1597 4345; x_wconf 88' lang='lat' dir='ltr'><strong>Taurum</strong></span> <span class='ocrx_word' id='word_1_345' title='bbox 1627 4297 1681 4345; x_wconf 91' lang='lat' dir='ltr'><strong>et</strong></span> <span class='ocrx_word' id='word_1_346' title='bbox 1708 4291 1962 4345; x_wconf 89' lang='lat' dir='ltr'><strong>Libonem</strong></span> <span class='ocrx_word' id='word_1_347' title='bbox 1994 4291 2049 4343; x_wconf 92' lang='lat' dir='ltr'><strong>in</strong></span> <span class='ocrx_word' id='word_1_348' title='bbox 2080 4294 2261 4342; x_wconf 84' lang='lat' dir='ltr'><strong>nostra</strong></span> <span class='ocrx_word' id='word_1_349' title='bbox 2294 4290 2426 4342; x_wconf 88' lang='lat' dir='ltr'><strong>serie</strong></span> <span class='ocrx_word' id='word_1_350' title='bbox 2451 4308 2592 4344; x_wconf 81' lang='lat' dir='ltr'><strong>xxiv.</strong></span> 
     </span>
     <span class='ocr_line' id='line_1_38' title="bbox 273 4375 2592 4449; baseline -0.001 -18"><span class='ocrx_word' id='word_1_351' title='bbox 273 4378 551 4442; x_wconf 83' lang='lat' dir='ltr'><strong>collocant,</strong></span> <span class='ocrx_word' id='word_1_352' title='bbox 576 4393 733 4447; x_wconf 85' lang='lat' dir='ltr'><strong>quem</strong></span> <span class='ocrx_word' id='word_1_353' title='bbox 756 4378 912 4432; x_wconf 91' lang='lat' dir='ltr'><strong>ambo</strong></span> <span class='ocrx_word' id='word_1_354' title='bbox 934 4379 1023 4432; x_wconf 88' lang='lat' dir='ltr'><strong>isti</strong></span> <span class='ocrx_word' id='word_1_355' title='bbox 1040 4395 1191 4433; x_wconf 81' lang='lat' dir='ltr'><strong>xxm.</strong></span> <span class='ocrx_word' id='word_1_356' title='bbox 1205 4416 1220 4442; x_wconf 93' lang='lat'><strong>,</strong></span> <span class='ocrx_word' id='word_1_357' title='bbox 1254 4383 1307 4431; x_wconf 90' lang='lat' dir='ltr'><strong>et</strong></span> <span class='ocrx_word' id='word_1_358' title='bbox 1327 4377 1403 4431; x_wconf 82' lang='lat' dir='ltr'><strong>ita</strong></span> <span class='ocrx_word' id='word_1_359' title='bbox 1424 4378 1683 4449; x_wconf 83' lang='lat' dir='ltr'><strong>deinceps.</strong></span> <span class='ocrx_word' id='word_1_360' title='bbox 1731 4377 1890 4431; x_wconf 89' lang='lat' dir='ltr'><strong>Cuius</strong></span> <span class='ocrx_word' id='word_1_361' title='bbox 1914 4391 1979 4429; x_wconf 85' lang='lat' dir='ltr'><strong>ea</strong></span> <span class='ocrx_word' id='word_1_362' title='bbox 2002 4390 2188 4428; x_wconf 85' lang='lat' dir='ltr'><strong>caussa</strong></span> <span class='ocrx_word' id='word_1_363' title='bbox 2211 4379 2292 4427; x_wconf 86' lang='lat' dir='ltr'><strong>est</strong></span> <span class='ocrx_word' id='word_1_364' title='bbox 2314 4376 2452 4444; x_wconf 90' lang='lat' dir='ltr'><strong>quod</strong></span> <span class='ocrx_word' id='word_1_365' title='bbox 2473 4375 2592 4447; x_wconf 87' lang='lat' dir='ltr'><strong>Epi·</strong></span> 
     </span>
     <span class='ocr_line' id='line_1_39' title="bbox 272 4459 2594 4535; baseline -0.001 -18"><span class='ocrx_word' id='word_1_366' title='bbox 272 4461 489 4534; x_wconf 80' lang='lat' dir='ltr'><strong>phanius</strong></span> <span class='ocrx_word' id='word_1_367' title='bbox 524 4479 647 4516; x_wconf 91' lang='lat' dir='ltr'><strong>cum</strong></span> <span class='ocrx_word' id='word_1_368' title='bbox 678 4463 869 4517; x_wconf 81' lang='lat' dir='ltr'><strong>extrito</strong></span> <span class='ocrx_word' id='word_1_369' title='bbox 900 4480 1005 4517; x_wconf 85' lang='lat' dir='ltr'><strong>uno</strong></span> <span class='ocrx_word' id='word_1_370' title='bbox 1038 4464 1312 4518; x_wconf 87' lang='lat' dir='ltr'><strong>consulum</strong></span> <span class='ocrx_word' id='word_1_371' title='bbox 1332 4464 1472 4535; x_wconf 84' lang='lat' dir='ltr'><strong>pari,</strong></span> <span class='ocrx_word' id='word_1_372' title='bbox 1505 4465 1752 4518; x_wconf 86' lang='lat' dir='ltr'><strong>nimirum</strong></span> <span class='ocrx_word' id='word_1_373' title='bbox 1784 4462 1910 4515; x_wconf 90' lang='lat' dir='ltr'><strong>anni</strong></span> <span class='ocrx_word' id='word_1_374' title='bbox 1931 4459 2084 4514; x_wconf 86' lang='lat' dir='ltr'><strong>Urbis</strong></span> <span class='ocrx_word' id='word_1_375' title='bbox 2108 4475 2368 4525; x_wconf 66' lang='lat' dir='ltr'><strong>nccnxv„</strong></span> <span class='ocrx_word' id='word_1_376' title='bbox 2401 4461 2594 4515; x_wconf 87' lang='lat' dir='ltr'><strong>Tiberii</strong></span> 
     </span>
     <span class='ocr_line' id='line_1_40' title="bbox 273 4546 2593 4620; baseline -0.001 -17"><span class='ocrx_word' id='word_1_377' title='bbox 273 4547 414 4605; x_wconf 84' lang='lat' dir='ltr'><strong>Caes.</strong></span> <span class='ocrx_word' id='word_1_378' title='bbox 437 4557 494 4603; x_wconf 88' lang='lat' dir='ltr'><strong>et</strong></span> <span class='ocrx_word' id='word_1_379' title='bbox 511 4548 721 4602; x_wconf 79' lang='lat' dir='ltr'><strong>Fonteii</strong></span> <span class='ocrx_word' id='word_1_380' title='bbox 743 4548 1034 4620; x_wconf 88' lang='lat' dir='ltr'><strong>Capitonis,</strong></span> <span class='ocrx_word' id='word_1_381' title='bbox 1058 4548 1343 4604; x_wconf 80' lang='lat' dir='ltr'><strong>Sextorum</strong></span> <span class='ocrx_word' id='word_1_382' title='bbox 1365 4548 1585 4604; x_wconf 87' lang='lat' dir='ltr'><strong>duorum</strong></span> <span class='ocrx_word' id='word_1_383' title='bbox 1608 4549 1936 4604; x_wconf 80' lang='lat' dir='ltr'><strong>consulatum</strong></span> <span class='ocrx_word' id='word_1_384' title='bbox 1959 4546 2318 4616; x_wconf 85' lang='lat' dir='ltr'><strong>anticipasset,</strong></span> <span class='ocrx_word' id='word_1_385' title='bbox 2343 4563 2480 4601; x_wconf 89' lang='lat' dir='ltr'><strong>anno</strong></span> <span class='ocrx_word' id='word_1_386' title='bbox 2500 4546 2593 4601; x_wconf 90' lang='lat' dir='ltr'><strong>Ur-</strong></span> 
     </span>
     <span class='ocr_line' id='line_1_41' title="bbox 271 4632 2594 4707; baseline -0 -18"><span class='ocrx_word' id='word_1_387' title='bbox 271 4635 349 4689; x_wconf 80' lang='lat' dir='ltr'><strong>bis</strong></span> <span class='ocrx_word' id='word_1_388' title='bbox 370 4650 656 4701; x_wconf 59' lang='lat' dir='ltr'><strong>nccnxvr„</strong></span> <span class='ocrx_word' id='word_1_389' title='bbox 686 4635 777 4706; x_wconf 88' lang='lat' dir='ltr'><strong>qui</strong></span> <span class='ocrx_word' id='word_1_390' title='bbox 810 4636 1047 4705; x_wconf 81' lang='lat' dir='ltr'><strong>sequenti</strong></span> <span class='ocrx_word' id='word_1_391' title='bbox 1076 4636 1429 4706; x_wconf 81' lang='lat' dir='ltr'><strong>competebat,</strong></span> <span class='ocrx_word' id='word_1_392' title='bbox 1459 4634 1580 4691; x_wconf 86' lang='lat' dir='ltr'><strong>huic</strong></span> <span class='ocrx_word' id='word_1_393' title='bbox 1613 4634 1714 4707; x_wconf 78' lang='lat' dir='ltr'><strong>ipsi</strong></span> <span class='ocrx_word' id='word_1_394' title='bbox 1735 4648 2008 4691; x_wconf 75' lang='lat' dir='ltr'><strong>uocum.</strong></span> <span class='ocrx_word' id='word_1_395' title='bbox 2040 4632 2346 4706; x_wconf 85' lang='lat' dir='ltr'><strong>Pompeium</strong></span> <span class='ocrx_word' id='word_1_396' title='bbox 2379 4640 2434 4689; x_wconf 88' lang='lat' dir='ltr'><strong>et</strong></span> <span class='ocrx_word' id='word_1_397' title='bbox 2451 4633 2594 4705; x_wconf 85' lang='lat' dir='ltr'><strong>Apu-</strong></span> 
     </span>
    </p>
   </div>
  </div>
 </body>
</html>
