3185 5219
2409 378 2574 458 cm

254 532 385 603 quod
406 534 455 586 is
474 532 675 586 mensis
698 537 839 586 totus
864 531 971 586 fere
992 530 1388 586 solennitatibus
1413 536 1708 602 occupatur.
1764 530 1901 585 Nam
1923 532 1970 584 si
1992 531 2131 586 Tisri
2149 531 2205 586 in
2227 532 2411 587 feriam
2433 552 2470 588 1.
2497 535 2575 587 in-

255 618 405 684 cidet,
438 618 645 672 decima
666 617 851 688 quinta
872 616 955 670 die
979 618 1075 670 erit
1093 618 1430 687 scenopegia,
1462 617 1705 687 proxime
1734 624 1854 687 post
1877 617 2170 670 sabbatum.
2225 617 2281 672 Si
2305 620 2360 673 iu
2381 638 2471 683 ινα,
2490 619 2575 673 de·

254 705 381 757 eima
401 703 539 768 dies,
571 719 708 774 quae
734 701 929 756 festum
952 706 1033 755 est
1050 702 1353 774 Kippurim‚
1387 703 1442 755 iu
1474 720 1546 758 vr.
1572 702 1758 756 feriam
1787 703 2032 757 incurret.
2102 701 2160 755 Si
2181 703 2236 756 in
2259 722 2330 757 vr.
2353 704 2577 775 denique

253 789 512 854 oeciderit,
547 788 863 859 scenopegia
894 805 964 843 vr.
989 787 1118 840 feria
1141 788 1381 857 proxime
1404 793 1525 840 ante
1548 788 1828 841 sabbatum
1850 788 2134 857 continget.
2203 788 2263 841 In
2287 788 2450 842 Nisan
2472 791 2578 844 alia

252 889 433 927 caussa
455 881 537 927 est
559 887 719 943 quam
741 873 960 926 duorum
984 874 1324 926 sabbatorum
1346 873 1686 928 continuatio.
1723 872 1863 926 Nam
1885 878 1940 925 et
1961 889 2023 926 ea
2044 872 2261 928 devitari
2281 873 2444 928 nihilo
2466 892 2576 928 ma·

253 961 333 1030 gis
351 960 558 1030 peterit.
606 959 677 1011 Ut
699 973 817 1012 cum
841 958 1118 1012 neomenia
1139 958 1303 1012 Nisau
1326 958 1507 1028 incipit
1528 973 1561 1011 a
1580 957 1712 1012 feria
1732 976 1793 1024 r.,
1826 973 1956 1028 quae
1978 959 2217 1028 legitima
2239 965 2344 1024 est,
2376 958 2578 1012 decima

254 1051 433 1115 quarta
454 1045 539 1098 die
561 1045 840 1099 sabbatum
864 1049 967 1108 est,
990 1049 1044 1097 et
1064 1044 1303 1115 sequenti
1325 1044 1538 1097 solenne
1562 1059 1883 1113 azymorum.
1936 1042 2152 1097 Caetera
2172 1059 2292 1098 cum
2317 1044 2454 1115 apud
2476 1044 2576 1098 Be-

252 1131 431 1184 braeos
445 1170 459 1196 ,
480 1139 597 1185 tum
616 1147 689 1184 ex
711 1129 913 1184 Latinis
933 1129 1071 1200 apud
1092 1129 1311 1182 Paulum
1332 1127 1730 1199 Forosempron.
1753 1130 1844 1182 lib.
1861 1146 1973 1183 wn.
1996 1135 2129 1200 part.
2144 1147 2227 1194 ιι,
2251 1131 2578 1184 Mnusterum

252 1216 304 1269 in
322 1215 564 1281 Kalend„
588 1232 685 1269 neo
708 1231 813 1269 non
836 1221 892 1269 et
912 1213 1105 1286 Sealig.
1128 1215 1217 1268 lib.
1237 1231 1295 1268 ιι.
1320 1221 1371 1267 et
1393 1233 1486 1269 vu.
1510 1214 1574 1267 de
1595 1213 1811 1268 Emend.
1835 1213 2016 1285 Temp.
2037 1216 2146 1285 legi
2164 1220 2432 1286 poterunt,
2464 1216 2577 1287 qui-

252 1302 347 1355 bus
365 1302 553 1355 merito
576 1301 991 1371 supersedemus.

381 1385 533 1440 Nune
563 1386 695 1440 illud
718 1388 772 1440 in
795 1386 1208 1457 disquisitionem
1232 1391 1460 1451 vocatur,
1492 1385 1715 1439 fueritne
1750 1386 1939 1456 priscis
1971 1394 2224 1457 usurpata
2254 1387 2578 1457 temporibus

253 1471 448 1526 dierum
471 1489 535 1526 ae
554 1472 805 1527 feriarum
827 1471 920 1525 illa
941 1471 1229 1536 distinctim
1264 1470 1393 1526 adeo
1425 1477 1487 1524 ut
1516 1479 1620 1542 quo
1656 1486 1796 1525 auno
1827 1487 2016 1542 passus
2041 1478 2122 1526 est
2144 1471 2378 1527 Christus
2401 1472 2580 1527 Iudaei

253 1574 315 1610 ex
339 1559 660 1628 praesoripta
679 1556 906 1610 formula
925 1555 1117 1628 pascha
1142 1557 1518 1610 transtulerint.
1571 1557 2009 1626 Antiquissimum
2033 1556 2170 1611 hunc
2193 1575 2390 1612 morem
2413 1559 2578 1612 fuisse

252 1649 304 1695 et
322 1649 443 1697 ante
460 1642 849 1697 Seleucidarum
871 1647 1106 1713 tempora
1126 1651 1391 1714 receptum
1413 1641 1642 1695 defendit
1661 1641 1910 1713 Scaliger,
1944 1649 1997 1696 et
2019 1659 2109 1696 cur
2131 1643 2185 1697 id
2207 1645 2262 1697 in
2280 1643 2415 1698 Tisri
2431 1660 2578 1714 prae-

252 1729 429 1782 sertim
452 1730 787 1783 observatum
808 1728 901 1793 sit,
935 1743 1175 1781 caussam
1207 1741 1321 1781 esse
1351 1732 1526 1798 putat,
1560 1728 1811 1797 quoniam
1842 1741 2001 1798 aegre
2032 1734 2209 1782 coctos
2242 1730 2387 1782 cibos
2419 1730 2577 1784 biduo

251 1829 455 1868 servare
486 1820 705 1884 possent
733 1814 791 1866 in
823 1814 929 1866 illis
963 1812 1267 1883 regionibus
1284 1851 1301 1878 ,
1340 1829 1474 1883 quae
1516 1821 1767 1866 autmnuo
1799 1813 2210 1868 ferventissimae
2246 1831 2359 1868 esse
2394 1815 2580 1868 solent.

250 1897 393 1963 Quo
414 1901 549 1953 ratio
570 1900 731 1953 tacite
749 1898 804 1951 id
827 1899 989 1951 sumit
1010 1897 1148 1968 quod
1173 1897 1275 1951 alio
1298 1899 1414 1952 loco
1437 1898 1721 1952 refutatum
1744 1904 1849 1964 est,
1877 1899 2039 1953 nullis
2070 1901 2282 1954 omnino
2305 1900 2452 1954 festis
2475 1900 2580 1954 die-

252 1985 347 2038 bus
368 1985 567 2039 cibaira
589 1997 810 2054 coquere
832 1984 1038 2037 Iudaeis
1061 1983 1143 2036 fas
1164 1983 1347 2037 fuisse.
1412 1983 1525 2037 Hoc
1548 1999 1670 2037 vero
1704 1982 1769 2036 do
1798 1984 1927 2037 solis
1957 1985 2190 2038 sabbatis
2214 1990 2329 2050 aut,
2361 1987 2409 2040 si
2430 1985 2581 2052 forte,
2660 2018 2673 2031 ·

249 2070 518 2141 Kippurim
542 2071 702 2123 etiam
725 2069 806 2122 die
828 2075 1160 2139 praeceptum
1183 2070 1239 2121 in
1261 2070 1379 2139 lege
1396 2071 1558 2122 veteri
1576 2068 2071 2135 demonstravimus,
2095 2071 2150 2123 in
2173 2071 2385 2141 reliquis
2409 2072 2578 2125 solen·

250 2156 403 2210 uibus
424 2156 668 2209 servilem
692 2170 901 2225 operam
920 2154 1173 2208 duntaxat
1188 2162 1463 2226 exceptam
1474 2193 1490 2218 ,
1513 2161 1569 2208 at
1590 2170 1726 2224 quae
1743 2154 1810 2207 ad
1826 2156 2022 2208 vietum
2039 2156 2262 2210 attinent
2276 2156 2415 2210 licite
2431 2174 2578 2228 prae·

248 2255 477 2312 parasse.
544 2239 651 2294 Sed
681 2239 1016 2294 nihilomiuus
1042 2241 1440 2294 muslationem
1463 2238 1852 2293 chsmterismi
1871 2239 2009 2293 Tisri
2040 2241 2140 2294 sub
2170 2241 2456 2296 Seleucidis
2488 2244 2578 2296 ob·

251 2332 509 2380 servaturi
539 2327 725 2397 probat
758 2327 849 2380 lib.
874 2343 959 2392 ιι,
986 2326 1081 2379 ubi
1114 2325 1179 2377 de
1208 2325 1418 2396 periodo
1454 2325 1764 2379 Iudaeorum
1797 2325 2126 2380 Alexandrea
2154 2326 2385 2393 disserit,
2423 2329 2581 2398 idque

253 2414 450 2483 aliquot
468 2412 727 2482 exemplis
750 2411 1040 2466 confirmat.
1087 2411 1240 2465 Velut
1265 2411 1405 2481 quod
1426 2426 1564 2464 anno
1587 2409 1879 2465 dominicae
1903 2412 2160 2482 passionis
2184 2413 2345 2478 Tisri,
2379 2429 2500 2468 cum
2522 2416 2579 2468 iu

253 2513 392 2551 nrv.
414 2496 561 2568 Sept.
590 2498 723 2550 feria
741 2497 793 2550 4.
824 2496 1112 2561 inddisset,
1144 2497 1198 2550 in
1223 2497 1460 2566 quintam
1482 2497 1794 2550 translatum
1817 2502 1919 2561 est,
1951 2504 2225 2567 propterea
2257 2498 2396 2568 quod
2417 2498 2580 2554 Nisan

255 2583 305 2638 in
326 2584 632 2649 sabbatum,
663 2582 762 2637 hoc
792 2587 879 2636 est
907 2599 941 2636 a
964 2600 1032 2637 vr.
1055 2581 1185 2636 feria
1216 2583 1271 2635 iu
1294 2599 1388 2637 vu.
1414 2581 1696 2637 transierit.
1740 2581 1875 2637 Nam
1899 2590 2012 2636 erat
2031 2598 2201 2637 annus
2223 2584 2582 2643 Alexaudteus

253 2669 397 2735 344..
429 2676 485 2724 et
513 2668 727 2739 proinde
751 2687 835 2727 ιι..
858 2668 1059 2739 periodi
1082 2688 1130 2723 v.
1198 2667 1287 2722 Sic
1319 2685 1456 2723 anno
1490 2667 1683 2722 Christi
1705 2686 1826 2723 ιιι.
1856 2670 2132 2723 neomenia
2163 2669 2327 2724 Nisan
2359 2688 2480 2725 cum
2511 2688 2582 2727 ex

252 2754 576 2808 Alexandrou
613 2755 754 2825 cyelo
789 2754 845 2806 in
875 2752 1059 2807 feriam
1082 2770 1173 2808 vn.
1205 2754 1528 2818 conveniret,
1563 2752 1616 2805 in
1641 2771 1676 2806 1.
1703 2752 1955 2806 translata
1982 2759 2078 2806 est.
2146 2752 2284 2825 Ergo
2318 2761 2370 2808 et
2390 2756 2524 2808 Tisri
2548 2772 2580 2809 a

252 2840 380 2893 feria
399 2856 471 2895 ιν.
493 2840 550 2893 iu
576 2859 621 2895 v.
647 2854 782 2892 anno
809 2840 1151 2893 embolimaeo
1176 2837 1448 2892 defectivo.
1525 2837 1675 2901 Quod
1707 2844 1880 2891 autem
1912 2837 2076 2891 Nisau
2105 2839 2236 2892 feria
2266 2840 2436 2910 prima
2465 2857 2578 2893 coe·

252 2927 383 2996 perit
404 2942 471 2979 ex
498 2941 559 2979 eo
584 2925 782 2994 colligit
804 2924 943 2995 quod
966 2922 1217 2994 Iosephus
1242 2921 1498 2976 decimam
1522 2929 1761 2993 quartam
1785 2923 1947 2976 Nisen
1971 2925 2277 2978 convenisse
2301 2925 2440 2978 dieat
2458 2943 2580 2979 cum

254 3029 357 3066 nv.
381 3012 582 3064 mensis
603 3011 807 3064 Iuliani.
856 3009 981 3063 Erat
1011 3024 1180 3063 annus
1211 3009 1410 3079 primus
1434 3026 1505 3062 vr.
1527 3008 1726 3080 periodi
1759 3014 2141 3075 contractuum,
2174 3010 2310 3064 Tisri
2338 3028 2409 3065 vr.
2436 3010 2578 3082 Sept.

252 3097 379 3149 feria
399 3115 501 3166 rv.‚
524 3097 670 3167 cyclo
693 3096 819 3149 solis
842 3113 973 3151 xxu.
1037 3095 1313 3148 Translata
1333 3094 1509 3164 itaque
1533 3095 1808 3148 neomenia
1829 3095 1886 3148 iu
1909 3114 1958 3148 v.
1980 3095 2163 3149 feriam
2177 3136 2191 3161 ‚
2225 3102 2278 3149 et
2305 3102 2582 3168 propterea

253 3181 412 3237 Νίκῃ
435 3199 469 3235 a
492 3198 586 3235 vn.
609 3181 665 3235 in
686 3200 724 3236 1.
739 3221 753 3246 ,
776 3197 910 3253 quae
931 3180 1045 3235 Kal.
1065 3182 1182 3251 Apr.
1210 3180 1476 3244 convenit,
1501 3180 1651 3250 cyclo
1677 3181 1801 3234 solis
1825 3198 1978 3236 xxm.
2002 3181 2268 3234 traductus
2292 3186 2386 3235 est.

382 3268 581 3323 Verum
602 3268 659 3320 in
679 3272 898 3336 utraque
921 3266 1356 3320 demonstratione
1378 3267 1462 3319 sui
1484 3266 1670 3320 similis
1694 3274 1776 3320 est
1796 3265 2049 3335 Scaliger,
2081 3272 2136 3319 et
2163 3266 2230 3321 ad
2250 3267 2305 3321 id
2326 3269 2466 3338 quod
2488 3270 2580 3323 du-

254 3354 395 3408 bium
416 3358 503 3407 eet
520 3352 914 3423 approbudum
938 3352 1097 3405 dubia
1114 3353 1290 3422 magis
1311 3350 1465 3405 affert
1486 3357 1539 3405 et
1558 3352 1772 3406 ineerta.
1821 3351 1949 3416 Quis
1974 3353 2113 3406 enim
2134 3350 2232 3406 hoc
2255 3355 2484 3424 primum
2503 3356 2584 3410 illi

254 3438 592 3503 concesserit,
622 3454 819 3492 aunum
849 3454 971 3491 esse
994 3438 1251 3507 passionis
1282 3437 1459 3502 illum,
1494 3453 1653 3508 quem
1681 3439 1796 3508 ipse
1824 3438 2029 3503 statuit,
2061 3438 2321 3493 lulianum
2343 3458 2581 3508 nxxvm„

256 3541 401 3579 aerae
421 3523 783 3593 Dionysianae·
800 3527 1026 3577 unm?
1072 3522 1207 3586 Quid
1231 3523 1278 3576 si
1298 3528 1565 3593 praeterea
1584 3539 1654 3576 ne
1676 3523 2060 3577 Alexandream
2081 3524 2292 3593 quidem
2312 3526 2471 3579 istam
2490 3544 2581 3597 pe-

254 3611 457 3665 riodum
483 3608 659 3662 Iudaei
679 3624 912 3679 uuquam
936 3608 1165 3678 amplexi
1188 3608 1325 3661 sint?
1357 3607 1410 3661 id
1443 3607 1581 3677 quod
1606 3614 1758 3661 antea
1782 3607 2140 3663 discussimus.
2212 3608 2384 3673 Quare
2403 3612 2487 3665 vel
2507 3612 2580 3665 le·

254 3697 471 3751 vissima
492 3694 811 3749 inficiatione
840 3694 1214 3748 demonstratio
1245 3693 1603 3763 Scaligoriana
1629 3692 1935 3746 convellitur
1965 3709 2135 3764 neque
2165 3695 2372 3765 proficit
2397 3696 2576 3750 hilum.

254 3780 435 3851 Neque
456 3796 580 3833 vero
603 3780 815 3834 solidior
837 3795 899 3833 ae
918 3778 1117 3833 firmior
1138 3785 1221 3832 est
1242 3780 1432 3843 altera,
1466 3793 1562 3831 noo
1597 3778 1771 3831 minus
1801 3777 1950 3832 falsis
1973 3784 2027 3832 ot
2045 3780 2281 3835 obscuris
2302 3783 2582 3853 postulatis

254 3867 510 3921 innititur.
544 3864 680 3919 Nam
696 3864 837 3935 quod
851 3862 1127 3936 Iosephum
1145 3865 1217 3917 ait
1233 3882 1337 3917 nv.
1350 3861 1511 3917 Nisau
1528 3876 1652 3915 oum
1667 3863 1859 3933 Aprilis
1881 3882 1990 3919 xxv.
2017 3878 2155 3919 auno
2179 3866 2369 3920 excidii
2384 3866 2581 3921 Iudaici

254 3954 599 4021 coniungere,
621 3966 892 4021 uunquam
913 3950 968 4005 id
988 3947 1238 4020 Iosephus
1260 3948 1417 4013 dixit,
1441 3948 1533 4000 sed
1554 3960 1855 4017 azymorum
1877 3948 2019 4004 diem
2039 3968 2148 4004 m.
2165 3950 2415 4004 Xanthioi
2434 3967 2578 4004 men·

254 4039 329 4091 sis
357 4036 613 4091 accidisse
643 4036 795 4090 docet
824 4037 916 4091 lib.
935 4054 985 4089 v.
1010 4035 1075 4088 de
1098 4034 1224 4090 Exe.
1249 4048 1364 4103 cap.
1381 4046 1481 4086 xm
1517 4031 1600 4085 καὶ
1632 4036 1717 4100 τῆς
1748 4036 1849 4085 τῶν
1873 4032 2100 4106 ’Attium
2131 4033 2363 4101 ἐνστάσης
2395 4034 2578 4106 ἡμέρας

254 4119 746 4195 τεσσαρεςκαιὸεκάτῃ
771 4121 1012 4173 Ξανθικοῦ
1037 4118 1215 4189 μηνὸς,
1249 4115 1296 4169 ἐν
1323 4110 1355 4189 ᾗ
1380 4117 1606 4169 δοκοῦσιν
1628 4115 1859 4170 Ἰουδαῖοι
1893 4119 1978 4171 τὀν
2014 4122 2211 4190 πρῶτον
2234 4118 2580 4189 ἀπαλλαγῆναι

254 4207 426 4279 καιρὸν
448 4204 743 4277 Αἰγυπτίων.
814 4205 1136 4259 Xanthicmu
1164 4204 1264 4258 hoo
1295 4204 1410 4258 loeo
1431 4202 1692 4257 Iulianum
1710 4205 1942 4275 Aprilem
1974 4218 2091 4259 esse
2113 4205 2311 4258 divinat
2331 4204 2577 4275 Scaliger,

254 4294 407 4365 quasi
437 4298 689 4364 perpetuo
712 4291 1078 4346 Macedonicas
1109 4291 1226 4344 illas
1257 4289 1515 4343 mensium
1549 4289 1923 4359 appellationes
1953 4290 2167 4343 Iulianis
2200 4290 2467 4344 mensibus
2498 4292 2577 4345 in·

253 4380 471 4444 diderit3
495 4378 634 4448 quod
657 4382 738 4432 est
753 4377 1113 4432 falsissimum.
1175 4375 1312 4430 Nam
1332 4372 1628 4429 xanthicus
1649 4388 2022 4445 saepenumero
2047 4375 2182 4428 idem
2207 4382 2288 4428 ost
2306 4391 2367 4429 ao
2389 4374 2575 4443 Nisam

251 4472 316 4519 ut
334 4466 429 4519 lib.
446 4482 527 4519 m.
555 4464 698 4534 orig.
722 4479 833 4533 cap.
853 4481 928 4518 x.:
953 4466 1029 4532 τῷ
1052 4461 1106 4515 el
1131 4461 1244 4533 μηνὶ
1266 4464 1341 4531 τῷ
1366 4458 1619 4530 Ξανθικῷ,
1652 4458 1708 4520 ὃς
1730 4458 1913 4513 Νισσὰν
1937 4448 2055 4530 {tap’
2077 4459 2195 4530 ἡμῖν
2218 4459 2462 4532 καλεῖται,
2496 4463 2577 4515 καὶ

251 4555 345 4604 τοῦ
362 4546 502 4610 ἔτους
516 4546 805 4618 ἐστὶνάρχὴ,
822 4545 1309 4619 τεοσαρεςκαιδεκάτῃ
1321 4543 1447 4599 κατὰ
1459 4543 1679 4614 σελήνην,
1698 4543 1746 4598 ἐν
1765 4550 1888 4615 κριῷ
1901 4548 1990 4597 τοῦ
2000 4544 2141 4611 ἡλίου
2153 4546 2457 4609 καθεστῶτος
2473 4555 2572 4604 σω.

250 4635 457 4708 puch·
473 4634 725 4689 celebrari
745 4634 949 4700 scribit3
972 4632 1110 4705 quod
1130 4638 1189 4689 et
1207 4647 1321 4703 oap-
1342 4649 1416 4689 ιι.
1442 4631 1507 4685 de
1527 4645 1709 4685 mense
1731 4630 1948 4686 dixerat.

362 4738 491 4791 (torp.
505 4738 759 4781 usmsool.
776 4737 851 4781 m.
2126 4736 2168 4789 L
