3185 5219
1314 1406 1969 1503 Corrigenda.

485 1626 632 1676 Tom.
662 1629 720 1677 ΙΙ.
775 1627 826 1678 Ρ.
858 1627 903 1688 1,
943 1644 990 1693 p.
1017 1629 1130 1676 663.
1182 1625 1234 1676 in
1270 1625 1526 1677 Addendis
1573 1625 1661 1677 lin.
1692 1629 1772 1676 24.
1820 1641 1918 1694 pro
1951 1628 2066 1690 ferri
2096 1640 2190 1677 non
2219 1631 2373 1690 posset
2408 1639 2533 1676 corr.
2564 1628 2670 1689 pato·
2702 1639 2801 1676 non

1357 1718 1463 1763 sset.

486 1798 637 1849 Tom.
671 1797 732 1846 ΙΙ.
780 1797 833 1847 P.
859 1797 910 1858 1,
950 1814 997 1863 p.
1025 1800 1137 1848 777.
1175 1796 1256 1847 lin.
1293 1728 1382 1849 glot.
1416 1807 1534 1848 ante
1566 1797 1722 1849 verba
1754 1799 1810 1849 P.
1836 1800 1883 1849 2.
1920 1773 2210 1849 exciderim
2241 1796 2394 1848 verba
2428 1799 2481 1848 T.
2505 1799 2542 1848 1.
2579 1799 2636 1847 P.
2654 1798 2713 1846 11.

488 2055 635 2105 Tom.
677 2055 736 2103 ΙΙ.
772 2054 821 2104 Ρ.
860 2054 938 2119 11,
977 2071 1027 2121 p.
1066 2058 1163 2119 10,
1201 2052 1283 2104 lin.
1323 2058 1401 2104 21.
1439 2054 1613 2106 Scribe
1647 2052 1988 2120 δυνάμεις
2022 2068 2112 2120 pro
2147 2051 2477 2119 δυν’μεις.

487 2139 634 2189 Tom.
676 2140 732 2188 ΙΙ.
769 2140 819 2188 Ρ.
858 2141 901 2188 Η
922 2178 936 2203 ,
973 2155 1021 2206 p.
1059 2142 1157 2204 10,
1192 2138 1224 2188 l.
1265 2141 1342 2189 10.
1380 2150 1497 2189 aute
1531 2140 1615 2190 fin.
1656 2139 1828 2190 Scribe
1863 2142 2138 2191 Thomasius
2171 2155 2262 2206 pro
2299 2139 2613 2188 Thmnan'um.

489 2224 636 2274 Tem.
675 2226 734 2273 ΙΙ.
773 2225 826 2274 Ρ.
864 2226 939 2284 11,
979 2241 1027 2290 p.
1064 2228 1160 2284 18,
1202 2223 1235 2273 l.
1267 2228 1314 2273 3.
1351 2224 1522 2275 Scribe
1557 2228 1724 2275 Daniel
1759 2242 1851 2291 pro
1886 2227 2069 2277 Daniel.

488 2310 632 2360 Tom.
672 2309 731 2358 ΙΙ.
771 2310 823 2359 Ρ.
864 2311 938 2369 11,
973 2327 1022 2376 p.
1060 2313 1154 2370 22,
1191 2309 1225 2359 Ι.
1260 2313 1305 2359 7.
1340 2309 1514 2360 Scribe
1545 2313 1631 2360 iste
1665 2326 1757 2376 pro
1792 2313 1881 2360 me.

488 2395 635 2445 Tom.
677 2395 733 2442 H.
771 2395 821 2444 P.
859 2396 934 2455 ΙΙ,
969 2410 1019 2461 p.
1054 2398 1149 2454 43,
1187 2393 1217 2444 Ι.
1247 2399 1327 2444 15.
1364 2405 1482 2445 ante
1514 2398 1637 2457 facis
1668 2393 1798 2445 adde
1833 2397 2150 2445 similitudine.

489 2482 633 2531 Tom.
673 2481 732 2529 ΙΙ.
770 2479 821 2529 Ρ.
860 2481 935 2542 ΙΙ,
973 2497 1020 2547 p.
1058 2483 1158 2544 46,
1192 2480 1226 2531 1.
1255 2483 1332 2529 10.
1370 2490 1488 2530 ante
1521 2479 1605 2529 fin.
1641 2479 1764 2530 Dele
1798 2486 1854 2530 et.

488 2566 636 2617 Tom.
669 2566 730 2614 Π.
769 2565 819 2616 Ρ.
856 2566 929 2630 ΙΙ,
967 2583 1014 2633 p.
1057 2565 1226 2625 47,1.
1263 2570 1310 2615 1.
1344 2564 1515 2615 Scribe
1548 2560 1935 2632 ὑπόμνησιν
1972 2581 2064 2632 pro
2101 2558 2506 2630 ὖπόμνησιν.

488 2652 634 2702 Tom.
671 2652 731 2701 ΙΙ.
770 2651 822 2702 P.
865 2652 937 2711 ΙΙ,
975 2668 1022 2718 p.
1059 2656 1154 2713 47,
1191 2650 1224 2701 l.
1259 2654 1338 2701 30.
1374 2655 1455 2702 31.
1492 2653 1615 2702 Post
1648 2655 1810 2702 Noster
1843 2649 1973 2700 adde
2004 2665 2097 2701 non
2129 2654 2239 2700 item
2274 2650 2544 2701 Methodius.

490 2740 636 2789 Tom.
673 2738 729 2785 ΙΙ.
768 2737 821 2786 Ρ.
859 2738 937 2799 ΙΙ,
971 2752 1021 2803 p.
1060 2735 1225 2798 54,1.
1258 2740 1307 2785 8.
1342 2736 1512 2787 Scribe
1547 2728 1708 2788 ’ὅσον
1744 2750 1836 2803 pro
1873 2727 2062 2788 ὅσων.

490 2822 637 2872 Tom.
674 2822 735 2871 n.
775 2821 829 2871 P.
867 2821 941 2884 ΙΙ,
978 2838 1024 2888 p.
1061 2824 1154 2883 55,
1189 2821 1225 2872 1.
1256 2827 1337 2873 11.
1389 2831 1505 2871 ante
1555 2819 1640 2870 fin.
1694 2819 1866 2871 Scribe
1911 2812 2086 2873 οὕτω
2134 2836 2226 2888 pro
2261 2820 2427 2888 priore
2459 2812 2709 2878 οὕτως,
2747 2826 2798 2866 et

1303 2900 1520 2967 οὕτως
1557 2892 1648 2974 ρτὸ
1685 2899 1876 2960 οὕτω.
2368 2896 2385 2907 “

491 2993 637 3043 Τοω.
665 2992 721 3042 n.
759 2992 808 3041 Ρ.
832 2992 897 3057 11,
931 3009 982 3058 p.
1006 2994 1088 3054 56,
1125 2990 1159 3041 1.
1181 2996 1260 3042 23.
1295 2985 2061 3062 θωίδοοῖναβιώσκεσὲαι
2098 3008 2191 3057 pro
2225 2984 2795 3058 ’ναβιώσκεσὲαι

491 3077 635 3127 Tom.
663 3079 721 3127 ΙΙ.
759 3077 811 3129 Ρ.
835 3079 897 3138 Π,
938 3094 984 3144 p.
1011 3080 1105 3142 70,
1147 3076 1181 3126 l.
1221 3080 1301 3126 10.
1337 3086 1456 3127 ante
1492 3075 1573 3128 fin.
1611 3077 1782 3128 Scribe
1816 3073 1986 3130 καθό
2026 3093 2119 3144 pro
2160 3073 2362 3129 καθά.
